3736 5160
839 79 843 86 ·
922 68 942 111 N

176 268 247 355 su
750 210 1194 351 sam*
1219 278 1233 301 ··
1341 231 1353 255 ’

172 439 293 516 fu‘erat
318 434 558 533 (Celsrllltnus
582 435 653 534 ipse
680 435 885 513 consecrare
915 435 1142 534 promiserat,
1173 437 1232 513 sed
1257 435 1405 514 interim
1438 448 1626 535 aegrotare
1661 440 1802 538 coepit)

173 559 303 635 lubens
326 558 451 634 Abbas
474 557 592 632 noller
615 579 660 630 eo
686 554 912 654 perrexisset,
936 555 1000 632 nili
1032 553 1300 635 Commilsarius
1324 558 1539 657 Tyrolenses
1568 560 1805 657 tauquamin

174 677 303 756 Vincis
331 677 576 776 hospitaturos
596 674 830 773 exspeslalset.

267 937 329 988 rr.
357 913 458 1012 Sept.
492 914 530 989 ln
564 912 771 993 Marchtlral
803 915 1021 992 consecratio
1051 912 1241 990 Ecclesiae.
1289 914 1529 994 commissarii
1561 913 1804 1014 Oenipontani

174 1032 311 1109 Comes
336 1035 382 1107 de
407 1031 519 1132 Spoor
544 1035 581 1111 dr
616 1032 723 1110 Dorn.
755 1033 855 1111 Caret
883 1038 1038 1115 reduces
1075 1034 1265 1128 Brisgoiae
1299 1036 1470 1131 Friburgo
1504 1036 1540 1112 in
1575 1034 1805 1134 Rauenspurg

174 1154 282 1228 noslu
307 1154 630 1233 diuerternntzad
653 1176 745 1250 quoa
767 1155 908 1232 summo
935 1178 1044 1235 mane
1068 1155 1195 1233 Abbaa
1220 1153 1341 1231 noller
1363 1159 1487 1236 vellus
1520 1178 1586 1231 eos
1619 1154 1802 1242 salutauit,

173 1293 261 1349 mox
287 1271 356 1348 iter
383 1271 607 1368 ingressuros.

209 1502 330 1606 ''³'15'.
355 1512 397 1590 P:
419 1510 576 1618 jacobus
597 1498 725 1588 'noster'
756 1501 876 1590 strum·
905 1512 1027 1591 miffus
1058 1510 1109 1589 est
1139 1511 1189 1589 ad
1222 1512 1426 1590 docendam
1458 1510 1508 1591 ibi
1539 1513 1801 1614 Philosophiam

150 1633 153 1638 ’
177 1632 657 1730 petente-Reuerendiffimo
682 1631 876 1731 Alphonso.

278 1892 333 1962 19.
362 1872 535 1950 Ottobris.
562 1872 632 1949 Per
655 1872 920 1969 Landvogtiam
943 1870 981 1947 in
994 1864 1169 1971 «hyberna
1195 1869 1383 1947 dislribuit¹
1402 1869 1540 1947 milites
1573 1868 1800 1970 Cataphradi

172 1986 237 2065 sub
267 1991 384 2067 Dacae
411 1993 641 2069 Harrnouerae.
701 1992 741 2067 ln
770 1991 921 2068 tranfitu
943 1990 1127 2069 Altdorffii
1152 1991 1266 2068 Comes
1294 1990 1525 2091 Zinzendorff
1546 1992 1718 2068 tribunus
1745 1992 1798 2067 sub

172 2107 337 2205 Legione
356 2110 557 2190 dimacbic'a
581 2111 739 2210 Styram,
764 2100 858 2210 duae
882 2121 962 2187 tota
981 2102 1096 2207 ὖεςῖο
1115 2102 1275 2206 hyberna
1300 2108 1336 2184 ln
1353 2106 1551 2211 rsuflriacb·
1579 2110 1799 2191 Ante-Ara·

180 2232 269 2305 lunis
290 2232 381 2308 locis
406 2233 572 2322 habebit,
586 2232 760 2330 sequenti
783 2233 843 2309 die
872 2230 1053 2332 Wongiam
1078 2231 1165 2309 inde
1197 2229 1441 2308 Veldlu'rclr'am
1469 2233 1657 2309 tendebat.

272 2469 385 2546 Anno
416 2491 517 2567 1702.
547 2497 577 2545 r.
600 2472 678 2568 Jan.
703 2468 838 2544 Drama
861 2494 883 2543 a
907 2469 1127 2545 Rhetoribus
1148 2468 1352 2544 exhibitum
1377 2492 1440 2563 pro
1461 2492 1573 2545 more.

271 2582 306 2685 5ss
331 2590 433 2666 Febr.
461 2591 500 2664 P.
527 2578 844 2684 PriorG'regorius
867 2586 1069 2664 mirumst
1091 2588 1273 2663 Holenam
1306 2611 1390 2664 cum
1419 2588 1599 2686 praesesto
1631 2585 1795 2672 Holensr,

177 2712 216 2788 dr
239 2709 455 2804 Hagnouam
482 2734 547 2808 pro
572 2696 735 2809 ¹judiciis.
794 2708 883 2781 lude
905 2702 1255 2802 ad'Eplsonpumdr
1299 2708 1499 2785 Lucernam
1529 2730 1616 2784 cum
1655 2708 1795 2784 Litteris

175 2829 341 2927 Episcopi
366 2831 412 2905 ad
436 2830 537 2904 suum
563 2830 746 2924 rigentem
766 2851 830 2924 pru
852 2826 1107 2902 informatione
1132 2825 1283 2912 Nuntii,
1309 2830 1403 2923 apud
1429 2852 1535 2926 quern
1565 2829 1794 2904 Reuerendis

176 2950 254 3026 fimi
283 2951 443 3025 Abbates
468 2948 764 3024 Ochsenbusanus
791 2951 827 3024 dr
859 2944 1050 3023 Vrsmensrs
1078 2946 1258 3042 conquesti
1291 2948 1435 3023 suerunt
1463 2962 1589 3040 contra
1614 2950 1792 3023 contribu-

174 3072 294 3164 tiones
318 3070 519 3166 Hagnouae
543 3068 781 3167 praestandas.
855 3066 1022 3141 Minaces
1053 3064 1152 3162 prius
1184 3064 1231 3140 ad
1260 3065 1609 3142 Reuerendill'rmum
1643 3068 1791 3143 Nuntius

174 3191 373 3287 scripserat,
396 3189 453 3265 sed
479 3188 663 3287 postquam
690 3187 906 3262 informatus
930 3184 998 3273 est,
1025 3185 1063 3257 Ρ.
1085 3185 1187 3260 Prior
1213 3188 1257 3261 ab
1284 3187 1357 3284 ipso
1385 3199 1560 3282 exceptus
1588 3187 1644 3263 est
1675 3190 1789 3264 huma·

174 3310 288 3396 niter,
314 3312 351 3389 dc
377 3311 535 3385 auditus
584 3304 898 3392 Quieuit,'dr·ille
922 3326 1007 3380 cum
1031 3300 1270 3382 satIssastione
1299 3302 1406 3380 rediit
1433 3328 1485 3380 ro.
1510 3304 1650 3382 Martii.

184 3546 206 3583 ²
225 3580 227 3584 ’
270 3567 326 3638 28.
350 3548 450 3626 Febr.
476 3547 638 3624 Allatum
667 3543 737 3620 suit
765 3543 959 3618 Decretum
986 3540 1148 3640 Episcopi
1174 3542 1454 3618 Constantiensrs
1489 3544 1724 3642 dispensantis
1755 3544 1787 3618 iu

170 3673 308 3774 jejunio
333 3698 389 3768 40.
414 3670 448 3745 ei
468 3668 514 3744 ob
540 3680 657 3742 certas
682 3664 941 3760 causatusque
966 3664 1013 3739 ad
1038 3663 1267 3738 Dominirtarn
1302 3663 1516 3739 Palinurum.
1563 3667 1738 3743 Similiter
1757 3664 1787 3737 in

177 3795 323 3894 Carienfi
351 3769 564 3888 Episcopatu
586 3798 728 3884 praeter
756 3804 901 3871 morem
924 3783 1162 3881 dispensatum
1192 3780 1261 3859 suit
1283 3795 1428 3880 propter
1450 3783 1587 3863 milites
1607 3788 1649 3864 in
1670 3790 1786 3886 hyber-

171 3916 230 3992 nis
256 3916 512 3990 demorantes:
541 3930 612 3984 non
641 3915 762 3979 autem
784 3903 822 3978 in
848 3901 1062 4002 Episcopatu
1085 3903 1188 4001 Augu
1214 3927 1287 3978 nnn.

273 4175 328 4245 19.
354 4145 477 4226 Martii
498 4145 588 4224 obiit
617 4144 798 4223 sinistimus
823 4142 904 4215 Rex
937 4139 1101 4236 Angliae.
1124 4183 1173 4197 -
1228 4141 1368 4217 Rumor
1389 4138 1539 4238 sparsus,
1579 4146 1786 4242 quoduouus

170 4276 251 4352 Rex
275 4272 419 4365 Hispan.
453 4267 626 4367 Philippus
650 4264 694 4340 V.
732 4262 814 4337 Duc
846 4260 1004 4355 d’llnjou
1040 4286 1052 4333 r
1060 4285 1093 4354 3.
1127 4259 1249 4347 Martii
1281 4259 1514 4337 Barcellonae
1545 4276 1712 4340 mortuus
1742 4262 1787 4338 fit.

171 4396 245 4474 Sed
275 4392 407 4466 saisiret
442 4411 526 4462 nam
553 4384 672 4484 postea
698 4407 783 4459 vere
814 4380 968 4458 relatum
997 4380 1135 4468 Roma,
1167 4384 1264 4479 quod
1299 4402 1351 4478 η.
1384 4379 1522 4478 Aprilis
1556 4383 1637 4461 hor.
1660 4411 1695 4484 4.
1722 4381 1788 4484 post

20 4534 32 4581 l
171 4514 362 4594 meridiem
388 4500 565 4608 Neapolim
590 4504 740 4584 venerit.

1661 4704 1786 4836 cuin
