3742 5160
119 258 190 345 32⁶
715 236 1138 339 *mma

80 444 84 451 '
121 450 233 528 penes
256 445 320 501 me
340 433 442 500 unta
475 419 715 520 rescriptionis
747 440 853 500 mora·
873 428 1024 523 (quaru-
1039 424 1121 500 saue
1147 422 1418 501 humanissimae
1447 416 1538 501 iliae
1556 422 1647 500 suae·
1668 440 1748 500 nun

121 545 381 642 merebantur)
406 541 713 630 intercessisses
746 544 799 621 ita
825 566 894 641 per
923 548 1084 619 Caetera·
1110 544 1323 639 respondere
1351 557 1552 639 opportrme
1582 543 1751 645 licuisset

121 667 172 740 Et
197 654 343 760 quidem
372 664 469 758 quod
502 663 549 737 ad
582 662 742 747 Clanum
775 688 1006 762 pergamenam
1035 663 1168 738 attinet
1179 714 1198 750 ,·
1219 663 1295 757 agit
1320 662 1648 740 Reuerendillimae
1669 662 1750 738 no«

122 781 319 859 minutioni
329 781 464 857 restrae
485 779 687 857 venerabile
711 778 921 877 Capitulum
945 780 1104 858 nostrum
1129 804 1194 879 pro
1222 781 1301 855 hac·
1326 780 1518 858 charitate
1546 780 1586 857 ἂ
1617 780 1749 855 solum

55 956 60 963 ,
122 900 252 977 tudine
278 902 337 976 sua
356 899 490 993 gratias
512 896 704 992 singulares
719 922 736 981 3·
763 893 939 998 offertque
967 901 1121 978 vicissim
1140 900 1250 996 hujus
1282 902 1373 975 tanti
1399 899 1577 976 B'eneti'cii
1603 912 1749 995 gratam·

122 1022 336 1096 memoriam
352 1072 370 1104 „
398 1020 438 1096 ἀ
460 1016 491 1091 s1·
510 1019 637 1115 quain
663 1041 702 1092 re
740 1017 861 1093 eidem
887 1018 1078 1112 gratificari
1107 1019 1242 1116 pollet,
1269 1040 1418 1095 omnem
1446 1042 1595 1117 operam
1634 1018 1751 1094 suanm

122 1139 173 1214 Et
195 1138 369 1235 quoniam
394 1137 441 1210 de
464 1136 580 1212 dillae
603 1137 836 1211 membranae
864 1124 1078 1235 Ornipontnnr
1104 1162 1218 1236 usqne
1245 1140 1439 1214 commoda
1466 1140 1614 1216 vestuta
1641 1137 1746 1213 nobis

123 1255 305 1339 insinuat‚-
322 1256 374 1329 ad·
393 1255 503 1328 aedes
526 1252 578 1328 illi
605 1255 760 1330 Domini·
781 1254 1001 1356 Cirrislopiori
1023 1254 1171 1359 Loslrirr
1196 1256 1397 1353 dirigantur
1409 1283 1430 1338 a·
1445 1257 1513 1356 qui·
1528 1257 1569 1335 bc
1589 1258 1752 1352 aurigae,-

122 1373 273 1453 nomme
295 1374 432 1460 nomo,
460 1372 558 1448 illico
584 1373 794 1451 satisfaciet.⁴

218 1610 391 1688 Ceterum
415 1611 518 1708 qnod
543 1604 855 1686 Reuerendillime
881 1605 1093 1684 Dominati'o
1123 1609 1303 1688 vestra‘lse
1323 1607 1467 1691 duobus
1490 1634 1538 1688 ex
1568 1608 1751 1689 monaste

123 1730 183 1809 rio·
198 1730 330 1807 Montb
355 1729 393 1807 S.
419 1728 559 1828 Georgii
582 1729 764 1825 perscribit
779 1754 800 1810 a·
817 1730 979 1824 itemque
1001 1729 1051 1803 de
1070 1728 1188 1806 Sacris
1209 1728 1387 1829 Resquiis,
1412 1754 1504 1831 quas
1525 1754 1642 1807 erueo
1667 1730 1755 1806 lom

123 1864 201 1927 tam
222 1847 384 1945 religiose
404 1848 497 1945 petit
509 1875 527 1923 z·
555 1848 653 1923 illud·
671 1847 820 1946 quidem
842 1857 986 1941 gratum
1017 1846 1089 1924 soit
1119 1848 1344 1927 lllullriffimo
1376 1852 1496 1926 nostro
1521 1848 1753 1945 intelligerer

124 1971 221 2069 quod
242 1967 387 2046 benese
411 1978 540 2064 gerant
556 1988 601 2043 rc
618 1966 804 2055 hamana.
818 1967 1200 2068 sintque-basiabiles:
1232 1990 1351 2068 neque
1369 1969 1549 2066 judicium
1570 1968 1751 2047 leucon

125 2088 240 2165 silium
260 2088 379 2165 Rmae
405 2085 448 2161 D.
468 2089 509 2163 V.
535 2086 637 2163 circa¹
655 2086 837 2187 Disingrm
858 2099 918 2162 etc.
941 2082 1218 2186 aspernentum.
1251 2087 1286 2164 ll·
1300 2088 1360 2165 itu·
1374 2110 1522 2189 quoque
1549 2100 1674 2166 cetera
1693 2110 1749 2165 re-

125 2208 358 2306 sponderem
399 2206 512 2283 Circa
530 2202 737 2306 Reliquiare
759 2220 865 2282 monte
884 2203 931 2284 S.-
949 2204 1090 2306 Georgii
1107 2209 1257 2308 petitum
1276 2209 1499 2307 exsperturus
1519 2205 1661 2310 aliquot
1677 2202 1753 2305 jam
1784 2248 1792 2253 ·

125 2324 353 2424 Septimania
369 2323 431 2399 hic
451 2324 606 2402 Brixiae
614 2326 684 2402 sirit
702 2324 880 2424 ejus'loei·
894 2322 1036 2410 Aram,
1065 2346 1150 2403 cum
1173 2350 1247 2425 quo
1270 2329 1442 2426 (praeter
1459 2326 1539 2404 aliu
1553 2326 1792 2427 partialis)-

24 2452 39 2481 ‘
119 2448 175 2523 rle
192 2457 347 2544 utroque
366 2446 498 2542 punito
516 2444 658 2523 rmum
682 2466 805 2522 coram
831 2443 1023 2543 potuissete
1039 2448 1174 2542 (etque
1195 2443 1295 2520 llaec·
1312 2448 1431 2525 obiter
1459 2451 1565 2524 causa
1592 2447 1651 2527 rel
1680 2446 1792 2522 solr-

125 2566 329 2663 r'esponsom
358 2563 430 2638 hoc
467 2580 593 2640 melun
623 2563 822 2662 bucusque
842 2564 1070 2658 retardante>
1095 2580 1222 2640 verum
1260 2566 1419 2644 necllum
1449 2566 1517 2642 ill'e
1534 2564 1792 2669 comparuit.—

127 2689 211 2767 Non
234 2685 381 2782 penitus
403 2694 528 2761 tamen
553 2685 771 2762 monerede
798 2684 928 2760 haere
950 2683 1127 2783 protono
1149 2684 1187 2763 ἃ
1217 2694 1382 2783 tempore
1410 2686 1655 2791 sluslmfflrmon
1683 2704 1792 2761 no·-

127 2805 237 2879 nrum
270 2814 334 2878 ant
363 2802 443 2899 ejus
472 2802 658 2881 vicarium
688 2802 942 2879 intermittam.
1003 2801 1234 2899 Suspicantut
1267 2804 1441 2903 quidam.
1474 2804 1512 2880 iu
1541 2804 1673 2885 Monte
1704 2805 1792 2880 0.-

128 2923 275 3018 Georgii
299 2921 508 3023 Ponrificiam
528 2921 661 2999 Bullum
684 2923 852 3007 exiliere,
877 2914 1147 2998 oillraaionem
1170 2944 1318 3000 omnem
1338 2918 1589 3022 Reliquiarum
1609 2922 1661 3000 rbi
1674 2923 1760 2999 exi-
1782 2954 1792 2961 ·

127 3042 295 3119 stentium
312 3042 380 3142 sab*
399 3043 621 3120 Arrutlr'emote
644 3042 905 3139 prohibentem.
964 3038 1048 3116 Hoc
1072 3053 1197 3118 tamen
1224 3040 1293 3120 libi·
1313 3042 1460 3119 iuterim
1490 3043 1653 3120 omnino·
1672 3062 1768 3142 per«

127 3165 275 3238 suadeat
297 3163 398 3237 Rma
415 3160 459 3235 D.
481 3161 556 3248 sua,
596 3161 863 3239 illustrissimum
885 3159 1049 3236 nostrum·
1069 3158 1126 3235 illi·
1158 3182 1393 3260 quacumque
1412 3162 1451 3238 iu
1483 3184 1525 3238 re
1557 3187 1634 3240 nou
1669 3182 1752 3259 gra·
1767 3186 1792 3197 ·

127 3283 244 3359 uatim
272 3283 362 3357 alias
375 3278 686 3377 gratificaturumr
725 3280 787 3355 cui
806 3283 844 3358 br
869 3280 1022 3378 multam
1049 3279 1212 3357 Salutem
1238 3279 1300 3357 suo
1332 3278 1483 3358 nomine
1514 3302 1585 3378 per
1601 3306 1671 3359 me·
1688 3281 1773 3358 ιά-Γ

127 3400 228 3479 scribi
257 3401 392 3486 voluit,
416 3422 636 3498 omnemque
660 3399 872 3476 felicitatem
891 3399 1084 3477 nobiscum
1106 3397 1145 3474 in
1171 3399 1337 3477 Domino
1350 3411 1529 3500 precatur.
1575 3398 1792 3479 Brixinae*

128 3521 188 3596 die
215 3528 247 3596 b.
268 3518 480 3595 Decembris
511 3518 629 3593 ll'nnu
657 3525 761 3609 rboq.
830 3518 1156 3594 Reuerendillrmae
1194 3518 1469 3596 Dominationis
1507 3519 1658 3599 vestrae·
1682 3520 1783 3599 stu«

127 3640 343 3718 diosrllimus·
365 3639 405 3713 in
425 3634 567 3715 Christo
588 3634 704 3715 Simon
722 3636 890 3741 Frnrstain
914 3630 1093 3734 indignus
1104 3636 1363 3736 Suffragaumus
1375 3637 1420 3716 bc
1435 3639 1664 3741 praeponens
1686 3638 1787 3719 ibi‘

128 3760 213 3835 dem
239 3782 288 3835 m.
311 3781 348 3857 pl

224 3994 323 4072 luter
346 3992 603 4071 tumultum'ias
624 3986 913 4070 subruemus·
929 3986 1079 4087 Georgii·
1100 3984 1341 4072 Collestiones
1360 3993 1432 4070 lias
1452 3993 1564 4073 etlam
1591 3992 1758 4077 inuenio,

129 4116 232 4213 queis
257 4117 304 4189 ad
329 4113 533 4210 praemissas
555 4112 737 4210 respondit
744 4166 755 4196 ,
780 4112 938 4188 Litteras
952 4128 968 4186 ε’
990 4111 1297 4223 Reuereodiffime
1318 4112 1477 4191 Domine
1499 4114 1756 4215 Domineplu·

129 4235 262 4309 rimum
294 4233 534 4309 Obseruando
595 4232 773 4309 Consella·
797 4231 898 4307 domi
927 4231 1067 4307 nostrae
1098 4233 1276 4309 habemus
1307 4246 1456 4310 centum
1489 4236 1528 4313 δι
1545 4230 1634 4310 ’πίε
1666 4233 1752 4309 solia

128 4350 262 4426 cio'rtae
281 4376 519 4452 pergamenae,
561 4350 811 4448 exspesiabam‘
827 4349 959 4449 plora-5
991 4347 1056 4425 sed'
1075 4360 1189 4445 negat
1215 4350 1295 4437 ille,
1329 4350 1392 4449 qui
1421 4360 1551 4441 curat,
1582 4352 1748 4451 sepelies

131 4470 336 4566 praesertim
359 4466 594 4555 Seletliores,
631 4466 756 4566 quales
779 4467 953 4555 velimus,
976 4476 1061 4545 tam
1089 4468 1285 4548 'commode
1314 4469 1447 4549 babere
1476 4472 1583 4570 posse.
1648 4470 1746 4553 Vnde

129 4587 282 4686 suspicor
304 4588 504 4687 longiorem
534 4588 613 4667 sore
645 4610 804 4678 mamm,
841 4596 954 4688 qumi
974 4587 1179 4675 credebam.
1251 4586 1357 4668 Haec
1378 4588 1464 4667 ideo
1486 4588 1669 4689 significo,
1702 4612 1745 4665 an

1599 4712 1741 4810 placent,
