3736 5160
7 172 11 187 ι
117 232 192 316 4ῐο
352 272 356 287 .
721 216 1139 310 common

120 395 220 471 mian
246 418 317 469 cum
342 387 463 470 Vicina
487 391 537 468 D.
562 388 716 490 Fuggero
746 363 957 491 conquieuit
990 401 1157 493 ommam,
1193 421 1250 470 nec
1277 392 1430 492 quiescet,
1460 390 1525 490 sed
1548 390 1753 467 durantibus

124 514 275 592 Comitiis
287 512 445 612 suspensa
468 515 637 589 duntaxat
665 512 868 609 aliquamdiu
889 517 971 611 suit.
1035 516 1223 612 Numquam
1252 512 1445 619 cesonimas
1463 536 1523 584 nos
1548 537 1671 610 argere
1696 537 1754 585 nee

1 684 3 688 ψ
36 700 40 707 .
121 636 246 734 mium
270 658 332 731 per
359 634 568 708 intermedias
590 629 763 729 personas,
787 658 831 706 ex
856 630 970 728 quibus
999 637 1193 734 praecipuus
1208 635 1291 731 suit·
1312 632 1361 708 D.
1391 629 1499 716 Ratis,
1532 634 1590 728 qui
1610 644 1755 730 propter

31 757 38 773 '
122 750 318 851 absentiam,
346 753 492 848 quamuis
520 748 568 824 ad
596 748 699 847 ipsum
724 748 943 849 Ratisponam
966 752 1175 852 scripserim,
1203 749 1288 826 nibil
1311 774 1514 850 proponere,
1542 777 1601 823 nec
1627 751 1753 848 efficere

119 874 231 974 potuit
256 870 346 969 apud
371 867 683 967 Reuerendifflmum.
742 868 813 944 His
835 885 941 947 autem
964 875 1108 972 primum
1129 867 1277 957 Diebus,
1315 872 1468 944 nimirum
1493 866 1648 968 nicusus
1671 867 1750 943 Lit-

35 1044 41 1049 -
124 1004 213 1067 teras
234 988 382 1085 Disinga
406 989 449 1062 ab
478 986 546 1086 ipss
578 987 708 1084 accam,
738 987 853 1084 quibus
874 992 1097 1090 fignificauit,
1133 977 1435 1091 Reuerendiffimum
1466 985 1516 1061 D.
1545 980 1748 1085 Episcopum

124 1111 170 1188 ad
192 1109 290 1210 suam
321 1109 506 1208 instantiam
536 1105 678 1204 annurffl
706 1106 808 1183 asiam
838 1109 1086 1186 transadionem
1107 1109 1352 1209 paer'ficam,fi
1375 1129 1447 1180 eam
1466 1101 1585 1179 debita
1605 1103 1742 1204 submis-

116 1235 210 1333 fione
238 1240 403 1329 pmamus,
429 1225 497 1320 (ot
518 1227 619 1299 moris
642 1228 710 1325 esi.)
734 1229 895 1327 instituere
920 1228 1026 1311 uestes
1061 1228 1149 1326 quod
1175 1228 1303 1325 quidam
1327 1227 1437 1323 prinso
1461 1248 1582 1320 quoquo
1606 1236 1739 1322 tempore
1777 1293 1780 1297 .

117 1348 193 1451 set.
243 1345 351 1422 Fascis
380 1336 492 1429 Deus,
517 1356 556 1418 ut
570 1369 623 1418 res
648 1341 726 1418 bene
738 1345 912 1444 succedat,
935 1371 976 1420 ac
1001 1359 1071 1421 tam
1084 1347 1268 1449 periculoso
1289 1343 1332 1421 ss
1355 1342 1511 1418 diuturno
1532 1346 1734 1443 controverso

125 1471 212 1544 citro
235 1462 470 1564 praejudicium
489 1461 684 1577 Manassesii
698 1461 794 1563 bajus
815 1478 1036 1562 componatur.
1063 1463 1204 1558 SitDies
1219 1464 1261 1541 ft
1280 1464 1372 1539 sacrus
1393 1462 1630 1562 compassionis
1654 1458 1732 1537 uobis

123 1586 294 1686 muninus
305 1583 436 1681 suerit,
462 1607 527 1655 non
540 1584 771 1668 intermittam,
796 1586 873 1682 quin
888 1584 1003 1684 statim
1028 1581 1249 1661 Seuererstiam
1263 1597 1353 1660 tuam
1371 1586 1498 1681 esusque
1513 1576 1729 1655 Concessasism

126 1705 182 1806 D.
214 1698 445 1783 Eberbardum
479 1703 632 1775 emtores
662 1700 807 1776 reddam.
834 1700 873 1794 f)
939 1703 1075 1781 verum
1100 1706 1195 1778 banc
1225 1698 1504 1779 controuersiam
1532 1696 1581 1774 ad
1609 1719 1726 1776 annum

125 1846 239 1922 usque
272 1828 375 1918 1614.
401 1817 555 1902 ausae,
588 1818 627 1895 δι
654 1829 732 1897 tum
764 1820 921 1917 primum
949 1844 1015 1918 pes
1048 1821 1263 1898 sententiam
1283 1820 1461 1897 Gamerae
1488 1816 1724 1912 Imperialisin

127 1940 334 2022 monasterii
357 1939 522 2017 sanorem
535 1938 704 2031 ‚autam
730 1937 833 2017 fuisse
852 1962 901 2015 ex
924 1941 1128 2019 domesticis
1155 1936 1405 2018 monumentis
1430 1935 1612 2014 discimus.

138 2175 140 2179 ¹
224 2184 336 2259 Anno
364 2182 467 2256 1⁶06.
496 2198 554 2271 23.
580 2166 937 2271 Augusti’Heinrinss
967 2180 1118 2281 Daprser
1143 2183 1179 2254 in
1210 2177 1393 2276 Wattpurg
1420 2175 1518 2249 datis
1553 2171 1720 2281 Wobseggii

128 2301 278 2377 Litteris
306 2298 488 2375 Abbatesn
515 2294 673 2372 nostrum
696 2309 816 2392 rogat,
841 2311 1023 2397 quatenus
1045 2296 1256 2374 Confiiiario
1276 2298 1337 2372 suo
1361 2292 1399 2370 ἃ
1418 2291 1584 2391 Syndico
1606 2292 1716 2370 Doiiosi

130 2419 281 2497 tilberto
307 2414 486 2491 Euesbard
512 2414 571 2489 die
600 2438 654 2488 so.
677 2415 903 2511 Septembris
938 2416 1113 2517 Watdseae
1139 2413 1395 2513 comparendi,
1425 2412 1464 2489 δι
1488 2432 1614 2487 coram
1640 2409 1714 2485 bebi·-

131 2540 199 2614 tris
222 2537 267 2613 D.
292 2534 519 2639 Cirisiopboro
547 2528 653 2605 Tbum
674 2556 697 2607 a
719 2533 882 2635 nienburg
912 2534 1080 2611 Teutonici
1108 2535 1247 2611 Ordinis
1276 2529 1563 2619 Comsncndatore,
1593 2532 1711 2610 senno

132 2656 372 2735 ministratore
394 2651 431 2725 in
453 2648 678 2750 attestausen,
704 2651 744 2728 δι
769 2646 923 2730 bonore
943 2652 1050 2731 Mossr
1078 2682 1101 2728 a
1126 2651 1411 2750 Scbsuarzenberg
1436 2648 1613 2725 Camenae
1637 2649 1716 2727 oen·

131 2789 312 2878 pontanae
342 2769 540 2847 consiliario
571 2768 617 2843 ab
646 2768 855 2848 Archiduce
885 2774 1127 2850 Masisniiiana
1156 2773 1332 2868 delegatis
1361 2768 1515 2844 Causam
1543 2771 1634 2847 suam
1656 2793 1718 2846 con·
1786 2782 1788 2825 2

130 2906 187 2973 tra
230 2888 477 2975 uniuersitatis
518 2887 747 2989 friburgenfis
789 2891 964 2989 postulata
1007 2893 1227 2969 defendendi
1278 2890 1422 2988 copiam
1462 2886 1583 2964 sooere
1625 2890 1718 2988 digne·
1785 2846 1788 2973 i

1786 3000 1788 3045 Ι

129 3018 263 3109 &D
627 3050 645 3116 ῖ
1784 3052 1788 3189 p

227 3250 338 3325 Anno
368 3253 470 3334 1608.
496 3248 741 3344 Magistratus,
775 3249 947 3349 ciuesque
983 3251 1185 3350 Wangenses
1210 3253 1245 3325 se
1270 3258 1492 3352 aquodam,
1529 3283 1601 3361 qur
1622 3258 1717 3336 Mane
1783 3244 1788 3321 ἱ

134 3367 238 3444 sterio
263 3368 310 3441 sd
335 3365 372 3442 S.
402 3367 538 3442 Gallum
571 3366 812 3464 subjacebant,
840 3370 1008 3445 seruitute
1032 3370 1233 3457 liberaturi,
1260 3372 1457 3470 Georgium
1485 3379 1658 3457 Abbatem
1672 3394 1716 3449 no
1785 3344 1788 3475 Ξ

134 3484 242 3563 strum
266 3484 431 3567 adibant,
455 3487 631 3581 praesnti,
667 3499 707 3563 vt
731 3487 1003 3573 conciliatoris,
1036 3488 1114 3573 sen,
1138 3503 1179 3566 vt
1202 3490 1308 3588 vulgo
1330 3496 1450 3590 ajunt,
1484 3489 1715 3574 Menturnis-is

134 3609 168 3683 se
205 3605 373 3721 suscipere
411 3605 569 3680 officium
603 3605 700 3681 velit.
756 3606 863 3705 Justis
901 3609 1015 3683 deesie
1048 3611 1213 3707 precibus
1241 3634 1310 3686 nec
1346 3614 1478 3699 voluit,
1520 3642 1590 3695 nec
1623 3610 1711 3714 pun

134 3726 253 3809 Quare
286 3726 368 3807 cum
396 3723 597 3798 Secretasio
631 3722 692 3800 suo
722 3723 904 3827 oJoacbimo
937 3727 1047 3825 Frey,
1091 3731 1128 3806 br
1174 3728 1314 3833 eJoarsne
1355 3733 1530 3812 Issencsels
1575 3721 1710 3837 Depobb

134 3842 328 3939 Wnngenfi
351 3840 398 3916 ad
432 3840 470 3917 S.
498 3842 642 3919 Gallum
676 3843 838 3927 delatus,
870 3868 945 3922 rem
979 3850 1159 3945 proastio
1189 3850 1250 3923 sua
1277 3873 1362 3927 cum
1401 3852 1548 3933 Abbutc
1580 3846 1716 3933 aemio

108 3982 112 3989 ·
135 3959 454 4042 necessitudinem
477 3962 645 4068 dedissit,
671 3974 711 4038 vt
734 3964 920 4059 negotium
943 3965 1109 4066 proximo
1133 3990 1228 4042 anno
1253 3970 1439 4070 utriusque
1466 3975 1585 4050 Partis
1611 3966 1722 4071 guadio,

136 4085 173 4161 da
194 4082 375 4182 reciproca
404 4081 643 4173 gratuiotione
663 4082 910 4159 absolueretus.
974 4084 1175 4185 lslcsssgnsbs
1210 4086 1342 4165 Abbati
1377 4092 1496 4168 nosiso
1530 4085 1727 4189 Georgioin

134 4204 226 4300 grati
253 4199 365 4278 animi
398 4198 555 4299 sgnum,
589 4200 758 4278 Nominis
788 4202 839 4277 sui
874 4204 1070 4280 Patronem
1100 4202 1284 4300 Augustae
1319 4208 1592 4290 vindelicorum
1619 4237 1663 4289 ex
1690 4226 1732 4281 tr·

135 4334 245 4419 genta
273 4317 400 4401 solido,
425 4343 539 4418 eoque
569 4320 750 4425 puriffimo
777 4323 894 4399 tusum
920 4322 959 4399 bc
979 4320 1164 4421 perpulcre
1189 4324 1428 4416 elaboratum,
1453 4332 1517 4430 qui
1546 4356 1630 4432 475.
1651 4330 1735 4407 nore

136 4441 195 4517 nis
223 4438 394 4524 ¹constitit,
429 4442 465 4517 ba
496 4439 593 4516 inter
628 4441 891 4540 supeliettitem.
908 4442 1043 4520 sacram
1081 4443 1201 4521 adhuc
1231 4450 1477 4536 conseruntur,
1521 4456 1619 4530 anno
1644 4458 1736 4527 utro

1672 4589 1740 4643 cum

180 4676 943 4767 ommnmbmmmm
1048 4680 1437 4773 nmmffim
