3736 5160
788 114 1208 208 *ww*
1576 191 1582 201 a
1743 134 1816 216 Ῑ49

278 292 424 369 Lirenas
447 289 673 391 Apostolicas
704 289 919 371 Sanuiffimi
949 293 994 368 in'
1013 291 1154 370 Christo
1180 291 1299 371 Patris
1323 289 1534 370 &Domini
1558 292 1679 372 Nostri
1686 334 1707 384 ,·
1737 298 1814 375 Do·

99 412 273 491 mini
311 413 470 507 Banasam
495 411 605 511 digna
629 413 699 489 Dei
721 413 954 491 Prouidentia
983 413 1102 512 Papae
1124 413 1244 503 Noni,
1284 413 1364 509 ejus
1392 436 1477 489 vera
1511 415 1617 490 Bulla
1643 416 1813 514 plumbea

99 528 218 609 in
243 533 315 609 silis
341 533 489 632 canapis
515 536 717 632 pendente,
741 557 844 613 more
869 533 1057 629 Romanae
1077 533 1212 613 Curiae
1231 532 1413 619 Bullatas,
1439 558 1513 610 non
1538 535 1708 624 abolitas,
1735 563 1810 617 non

104 653 341 751 abrasas,
378 678 497 751 neque
530 654 766 744 cancellatas,
803 654 865 732 sed
894 654 1018 743 sanas,-
1054 658 1091 733 u
1120 654 1302 749 integras,
1347 654 1520 753 omnique
1553 659 1693 753 prorsus
1719 657 1810 737 vitio

108 786 368 866 carentes,
396 796 463 873 per
490 775 677 876 Genenffunr
698 777 741 864 δ’
767 776 928 862 lllobr'lan,
968 775 1138 850 Doninurn
1161 771 1326 851 Auaron
1356 777 1501 849 Comitem
1525 778 1561 850 da
1587 776 1809 876 Wcrdenbrrg,

116 900 351 975 minum
380 898 479 996 cnjlra·
508 898 551 981 Β
573 896 719 973 Dominis
741 897 821 994 apud
846 897 993 971 Suadam
1017 894 1161 971 Moralem
1186 893 1607 973 diunaconstantienfis
1627 896 1808 997 Dioecesrs

120 1016 282 1092 uobis
305 1014 495 1091 humiliter
517 1015 977 1115 deuotiuspraeseutataa,
1003 1036 1072 1090 nos
1099 1035 1184 1091 cum
1208 1012 1311 1089 omni
1331 1015 1553 1104 reuerentia,
1577 1039 1650 1115 qua
1672 1017 1809 1107 decuit,

127 1135 355 1213 tacueritis
380 1133 567 1232 recepisse,
592 1148 758 1217 tenorem
784 1134 847 1237 qui
875 1132 1113 1234 subsequitur,
1140 1134 1189 1212 de
1218 1135 1338 1215 Verbo
1358 1136 1407 1211 ad
1432 1135 1593 1221 Verbum
1615 1135 1806 1216 coutinen-

132 1252 253 1333 tes:
287 1254 354 1356 qui
381 1256 465 1333 talis
489 1254 562 1332 est:

238 1490 483 1573 'Bonisacius
512 1495 707 1593 Episcopus
733 1493 872 1572 Seruus
895 1496 1093 1573 Seruorum
1118 1490 1209 1578 Dei,
1234 1490 1375 1571 uueuo
1403 1491 1496 1573 Filio
1515 1449 1659 1613 Abbati
1673 1496 1805 1611 Mona·

143 1610 272 1695 sterii·
300 1617 342 1691 in
382 1616 619 1712 Weingartcn
654 1614 934 1697 Constantiensrs
966 1611 1153 1738 Dioecesrs
1185 1612 1358 1703 salutem,
1404 1617 1442 1694 dr
1470 1614 1700 1713 apostolicam
1728 1617 1804 1696 Be-

143 1736 418 1817 nediuionem
440 1746 514 1813 etc.
1553 1733 1560 1744 ’

264 1975 408 2063 Quibus
427 1971 645 2073 Apostolicis
669 1971 806 2052 Literis
828 1970 935 2050 nobis
956 1977 997 2051 rt
1019 1969 1067 2048 src
1099 1971 1335 2071 praesentatis
1369 1993 1435 2073 per
1458 1941 1599 2074 nosque
1626 1968 1804 2070 receptis,

157 2095 351 2174 Dominus
378 2094 553 2173 Albertus
588 2094 724 2170 Comes
757 2093 1055 2191 praenominatus
1087 2116 1157 2170 nos
1193 2118 1279 2172 cum
1322 2117 1477 2192 magnae
1507 2094 1716 2172 deuotionis
1744 2093 1801 2169 iu·

170 2214 304 2293 unua
323 2214 526 2315 requifiuit,
562 2225 604 2295 vt
628 2214 675 2290 ad
700 2215 956 2292 executionem
981 2214 1088 2292 nobis
1110 2237 1175 2311 per
1201 2216 1352 2294 easdem
1375 2213 1642 2299 commissorum
1676 2235 1801 2312 proce·

164 2338 258 2416 dere
277 2338 521 2436 dignaremur.

258 2576 343 2655 Nos
364 2576 490 2676 itaque
514 2573 679 2654 volentes
700 2571 845 2671 exsequi
867 2581 946 2653 tam
970 2573 1103 2655 salubre
1125 2576 1315 2674 negotium
1340 2576 1379 2654 dt
1405 2575 1623 2655 mandatum
1645 2570 1798 2675 Aposto-

142 2697 275 2777 licum
298 2697 406 2774 nobis
432 2698 469 2772 in
494 2696 564 2773 hac
587 2706 689 2791 parte
716 2695 889 2770 diretlum
912 2709 1141 2786 reuerenter,
1174 2708 1215 2776 vt
1238 2709 1415 2774 tenemur.
1479 2697 1574 2783 Quia
1604 2718 1668 2794 per
1690 2692 1796 2771 soler·

143 2830 237 2897 tem
264 2816 537 2918 inquisrionem
561 2816 663 2912 super
691 2813 752 2888 his
774 2837 837 2910 per
860 2836 929 2888 nos
952 2815 1108 2904 fanan,
1139 2816 1350 2893 inuenimus
1373 2827 1518 2895 narrata
1537 2816 1573 2889 in
1604 2813 1797 2913 praedidis

144 2936 382 3041 Apostolicis
410 2937 545 3013 Literis
572 2934 642 3010 esse
668 2955 774 3017 vera,
818 2935 856 3010 dr
879 2934 1089 3033 praecipue,
1130 2937 1229 3035 quod
1249 2935 1432 3017 Dominus
1458 2935 1631 3012 Albertus
1657 2932 1797 3012 Comes

145 3059 461 3163 praenominatus
476 3078 598 3134 merae
614 3051 825 3129 deuotionis
848 3052 985 3154 intuitu
1007 3056 1155 3141 dusius,
1180 3057 1322 3132 dudum
1338 3054 1581 3155 parochialem
1596 3051 1795 3131 Ecclesiam

147 3180 189 3262 in
223 3181 530 3259 Bettenbrunnen
562 3175 678 3252 distae
711 3170 912 3257 Dioecesrs,
955 3186 1049 3272 quae
1070 3175 1246 3254 hellenus
1276 3198 1339 3274 per
1366 3177 1577 3262 Retiorem,
1611 3196 1676 3271 per
1702 3170 1794 3248 Loci

150 3301 395 3381 Ordinariurn
423 3299 470 3374 ad
501 3293 609 3394 ipsus
633 3291 790 3369 Comitis
821 3294 1165 3388 praesentationem,
1190 3294 1229 3371 in
1257 3296 1388 3373 eadem
1415 3278 1636 3382 institutum,
1661 3292 1793 3389 guber·

147 3422 237 3500 'uari
265 3418 494 3502 conscueuit,
519 3413 746 3509 collegiatam
765 3411 960 3488 Ecclesiam
984 3412 1062 3489 fore
1093 3415 1316 3503 desrderans,
1345 3438 1427 3492 eam
1454 3427 1633 3514 quantum
1657 3413 1791 3511 inipso

155 3543 229 3620 suit
261 3541 303 3620 in
336 3538 564 3636 collegiatam
594 3532 729 3621 erexit,
773 3554 817 3607 ac
846 3554 911 3629 pro
947 3546 1101 3630 quatuor
1137 3536 1302 3614 Personis
1338 3535 1480 3613 idoneis
1510 3533 1600 3610 inibi
1627 3531 1792 3611 Domino

157 3673 334 3763 perpetuo
358 3657 561 3739 seruitutis,
586 3676 737 3752 quarum
765 3675 837 3729 vna
863 3651 1111 3748 Praepofitus,
1135 3657 1174 3749 ὃς
1200 3657 1293 3733 aliae
1321 3654 1501 3735 Canonici
1526 3652 1646 3749 ditiae
1662 3651 1788 3728 Eccle-

162 3782 228 3861 lae
248 3778 386 3866 lirrent',
422 3775 633 3877 Capitulum
660 3772 827 3869 ejusdem
850 3771 1029 3848 Ecclesiae
1051 3775 1240 3855 facientes.
1300 3777 1371 3862 Qui
1396 3776 1545 3875 quidem
1566 3771 1790 3872 praeposrtus

165 3886 284 3981 airam
309 3894 617 3977 Parochianorum
641 3893 758 3970 diuae
781 3889 962 3966 Ecclesae
985 3915 1129 3989 gerere,
1159 3894 1199 3973 δι
1219 3920 1393 3975 exercere
1420 3896 1590 3981 deberet,
1620 3896 1658 3971 dr
1681 3891 1789 3970 bouis

165 4022 219 4105 ibi
244 4048 267 4102 a
297 4026 378 4104 Deo
404 4017 546 4097 collatis
572 4012 787 4091 sufficienter
814 4010 958 4090 dotauit
987 4036 1049 4112 per
1076 4012 1191 4105 bona,
1226 4013 1411 4106 declinas,
1448 4014 1570 4096 census
1599 4015 1639 4096 dt
1664 4011 1788 4097 reddi·

166 4152 219 4224 tur
242 4146 339 4224 inira
361 4124 637 4243 specificandos)

251 4384 301 4460 Et
327 4379 566 4458 nihilominus
597 4374 688 4451 secit
721 4372 760 4451 u
795 4370 978 4449 ordinauit
1008 4396 1081 4449 non
1115 4367 1215 4449 nulla
1245 4367 1440 4449 laudabilia
1468 4370 1600 4449 llatuta
1623 4331 1788 4452 u‘ordi-

168 4508 324 4586 udones
347 4526 412 4603 per
439 4495 705 4597 Praepositum,
744 4490 952 4574 canonicos
987 4489 1272 4709 ὅιτᾨῢεηήωῐιιιιιι
1291 4493 1493 4594 praeditus
1518 4492 1705 4594 perpetuis
1689 4493 1795 4696 mio„

986 4729 1008 4767 l
1245 4719 1253 4730 .
