<?xml version="1.0" encoding="UTF-8"?>
<!DOCTYPE html PUBLIC "-//W3C//DTD XHTML 1.0 Transitional//EN"
    "http://www.w3.org/TR/xhtml1/DTD/xhtml1-transitional.dtd">
<html xmlns="http://www.w3.org/1999/xhtml" xml:lang="en" lang="en">
 <head>
  <title>
</title>
<meta http-equiv="Content-Type" content="text/html;charset=utf-8" />
  <meta name='ocr-system' content='tesseract 3.04.00' />
  <meta name='ocr-capabilities' content='ocr_page ocr_carea ocr_par ocr_line ocrx_word'/>
</head>
<body>
  <div class='ocr_page' id='page_1' title='image "./prodromusmonume01hessgoog_0189.png"; bbox 0 0 3736 5160; ppageno 0'>
   <div class='ocr_carea' id='block_1_1' title="bbox 132 156 1222 313">
    <p class='ocr_par' dir='ltr' id='par_1_1' title="bbox 132 156 1222 313">
     <span class='ocr_line' id='line_1_1' title="bbox 132 156 1222 313; baseline 0.001 -19"><span class='ocrx_word' id='word_1_1' title='bbox 132 228 259 313; x_wconf 72' lang='lat' dir='ltr'>aro·</span> <span class='ocrx_word' id='word_1_2' title='bbox 354 156 358 161; x_wconf 83' lang='lat'>-</span> <span class='ocrx_word' id='word_1_3' title='bbox 738 178 1222 309; x_wconf 36' lang='lat' dir='ltr'>emm?</span> 
     </span>
    </p>
   </div>
   <div class='ocr_carea' id='block_1_2' title="bbox 78 374 1700 974">
    <p class='ocr_par' dir='ltr' id='par_1_2' title="bbox 78 374 1700 974">
     <span class='ocr_line' id='line_1_2' title="bbox 227 374 1700 494; baseline -0.003 -20"><span class='ocrx_word' id='word_1_4' title='bbox 227 394 372 475; x_wconf 84' lang='lat' dir='ltr'>Eodem</span> <span class='ocrx_word' id='word_1_5' title='bbox 393 394 505 474; x_wconf 89' lang='lat' dir='ltr'>etiam</span> <span class='ocrx_word' id='word_1_6' title='bbox 530 419 627 474; x_wconf 90' lang='lat' dir='ltr'>anno</span> <span class='ocrx_word' id='word_1_7' title='bbox 653 419 758 494; x_wconf 83' lang='lat'>1452.</span> <span class='ocrx_word' id='word_1_8' title='bbox 785 394 908 471; x_wconf 85' lang='lat' dir='ltr'>Mense</span> <span class='ocrx_word' id='word_1_9' title='bbox 936 394 1129 474; x_wconf 72' lang='lat' dir='ltr'>februario</span> <span class='ocrx_word' id='word_1_10' title='bbox 1154 388 1437 491; x_wconf 85' lang='lat' dir='ltr'>Praepolituram</span> <span class='ocrx_word' id='word_1_11' title='bbox 1460 394 1573 472; x_wconf 87' lang='lat' dir='ltr'>libere</span> <span class='ocrx_word' id='word_1_12' title='bbox 1604 374 1700 490; x_wconf 79' lang='lat' dir='ltr'>redg</span> 
     </span>
     <span class='ocr_line' id='line_1_3' title="bbox 128 502 1700 621; baseline -0.002 -27"><span class='ocrx_word' id='word_1_13' title='bbox 128 517 185 594; x_wconf 86' lang='lat' dir='ltr'>vit</span> <span class='ocrx_word' id='word_1_14' title='bbox 207 514 391 594; x_wconf 85' lang='lat' dir='ltr'><strong>Dominus</strong></span> <span class='ocrx_word' id='word_1_15' title='bbox 407 502 594 613; x_wconf 71' lang='lat' dir='ltr'>¹Georgius</span> <span class='ocrx_word' id='word_1_16' title='bbox 618 514 749 612; x_wconf 86' lang='lat' dir='ltr'>Sybolt</span> <span class='ocrx_word' id='word_1_17' title='bbox 780 537 845 612; x_wconf 92' lang='lat' dir='ltr'>per</span> <span class='ocrx_word' id='word_1_18' title='bbox 874 526 1144 613; x_wconf 91' lang='lat' dir='ltr'>procuratorem</span> <span class='ocrx_word' id='word_1_19' title='bbox 1177 536 1199 590; x_wconf 84' lang='lat' dir='ltr'>a</span> <span class='ocrx_word' id='word_1_20' title='bbox 1232 512 1268 589; x_wconf 90' lang='lat' dir='ltr'>se</span> <span class='ocrx_word' id='word_1_21' title='bbox 1297 514 1548 621; x_wconf 81' lang='lat' dir='ltr'>constitutum,</span> <span class='ocrx_word' id='word_1_22' title='bbox 1579 512 1700 597; x_wconf 83' lang='lat' dir='ltr'>&#39;videti</span> 
     </span>
     <span class='ocr_line' id='line_1_4' title="bbox 78 631 1700 734; baseline -0.001 -22"><span class='ocrx_word' id='word_1_23' title='bbox 78 645 81 651; x_wconf 82' lang='lat'>&#39;</span> <span class='ocrx_word' id='word_1_24' title='bbox 127 635 292 712; x_wconf 82' lang='lat' dir='ltr'>Vlricum</span> <span class='ocrx_word' id='word_1_25' title='bbox 324 631 470 712; x_wconf 83' lang='lat' dir='ltr'>Pistoris</span> <span class='ocrx_word' id='word_1_26' title='bbox 503 635 739 734; x_wconf 82' lang='lat' dir='ltr'>Capellannm</span> <span class='ocrx_word' id='word_1_27' title='bbox 782 631 1110 721; x_wconf 79' lang='lat' dir='ltr'>Constantiensem,</span> <span class='ocrx_word' id='word_1_28' title='bbox 1160 633 1199 711; x_wconf 92' lang='lat' dir='ltr'>in</span> <span class='ocrx_word' id='word_1_29' title='bbox 1238 654 1372 711; x_wconf 85' lang='lat' dir='ltr'>manus</span> <span class='ocrx_word' id='word_1_30' title='bbox 1408 632 1564 711; x_wconf 80' lang='lat' dir='ltr'>Erhardi</span> <span class='ocrx_word' id='word_1_31' title='bbox 1599 634 1700 713; x_wconf 78' lang='lat' dir='ltr'>Abba</span> 
     </span>
     <span class='ocr_line' id='line_1_5' title="bbox 127 738 1700 854; baseline -0.002 -21"><span class='ocrx_word' id='word_1_32' title='bbox 127 738 411 851; x_wconf 73' lang='lat' dir='ltr'>weingartensis</span> <span class='ocrx_word' id='word_1_33' title='bbox 457 756 497 831; x_wconf 91' lang='lat' dir='ltr'>in</span> <span class='ocrx_word' id='word_1_34' title='bbox 529 753 688 831; x_wconf 81' lang='lat' dir='ltr'>Ecctefia</span> <span class='ocrx_word' id='word_1_35' title='bbox 727 752 931 835; x_wconf 89' lang='lat' dir='ltr'>Cathetrali</span> <span class='ocrx_word' id='word_1_36' title='bbox 973 753 1158 852; x_wconf 81' lang='lat' dir='ltr'>praesente</span> <span class='ocrx_word' id='word_1_37' title='bbox 1195 750 1349 829; x_wconf 85' lang='lat' dir='ltr'>Notario</span> <span class='ocrx_word' id='word_1_38' title='bbox 1392 752 1538 854; x_wconf 88' lang='lat' dir='ltr'>publico</span> <span class='ocrx_word' id='word_1_39' title='bbox 1578 752 1700 830; x_wconf 87' lang='lat' dir='ltr'>Halm</span> 
     </span>
     <span class='ocr_line' id='line_1_6' title="bbox 127 870 1336 974; baseline -0.002 -21"><span class='ocrx_word' id='word_1_40' title='bbox 127 875 332 971; x_wconf 79' lang='lat' dir='ltr'>Amelung:</span> <span class='ocrx_word' id='word_1_41' title='bbox 369 875 423 956; x_wconf 83' lang='lat' dir='ltr'>vti</span> <span class='ocrx_word' id='word_1_42' title='bbox 448 874 557 952; x_wconf 89' lang='lat' dir='ltr'>susrus</span> <span class='ocrx_word' id='word_1_43' title='bbox 581 873 741 951; x_wconf 90' lang='lat' dir='ltr'>declarat</span> <span class='ocrx_word' id='word_1_44' title='bbox 766 872 858 949; x_wconf 90' lang='lat' dir='ltr'>haec</span> <span class='ocrx_word' id='word_1_45' title='bbox 890 873 1100 974; x_wconf 87' lang='lat' dir='ltr'>subsequens</span> <span class='ocrx_word' id='word_1_46' title='bbox 1129 870 1235 970; x_wconf 87' lang='lat' dir='ltr'>copia</span> <span class='ocrx_word' id='word_1_47' title='bbox 1265 881 1336 950; x_wconf 85' lang='lat' dir='ltr'>etc.</span> 
     </span>
    </p>
   </div>
   <div class='ocr_carea' id='block_1_3' title="bbox 50 1106 1700 4092">
    <p class='ocr_par' dir='ltr' id='par_1_3' title="bbox 50 1106 1700 4092">
     <span class='ocr_line' id='line_1_7' title="bbox 222 1106 1700 1210; baseline -0.002 -19"><span class='ocrx_word' id='word_1_48' title='bbox 222 1114 262 1191; x_wconf 91' lang='lat' dir='ltr'>In</span> <span class='ocrx_word' id='word_1_49' title='bbox 286 1114 436 1191; x_wconf 89' lang='lat' dir='ltr'>nomine</span> <span class='ocrx_word' id='word_1_50' title='bbox 456 1113 618 1192; x_wconf 86' lang='lat' dir='ltr'>Domini</span> <span class='ocrx_word' id='word_1_51' title='bbox 652 1137 772 1191; x_wconf 88' lang='lat' dir='ltr'>amen.</span> <span class='ocrx_word' id='word_1_52' title='bbox 841 1112 944 1192; x_wconf 86' lang='lat' dir='ltr'>Serie</span> <span class='ocrx_word' id='word_1_53' title='bbox 965 1110 1161 1210; x_wconf 84' lang='lat' dir='ltr'>praesentis</span> <span class='ocrx_word' id='word_1_54' title='bbox 1189 1110 1323 1209; x_wconf 87' lang='lat' dir='ltr'><strong>publici</strong></span> <span class='ocrx_word' id='word_1_55' title='bbox 1356 1106 1588 1189; x_wconf 84' lang='lat' dir='ltr'>Inllmmenti</span> <span class='ocrx_word' id='word_1_56' title='bbox 1618 1133 1700 1189; x_wconf 86' lang='lat' dir='ltr'>curn</span> 
     </span>
     <span class='ocr_line' id='line_1_8' title="bbox 125 1230 1700 1333; baseline 0 -24"><span class='ocrx_word' id='word_1_57' title='bbox 125 1233 241 1332; x_wconf 91' lang='lat' dir='ltr'>ipsum</span> <span class='ocrx_word' id='word_1_58' title='bbox 262 1233 489 1311; x_wconf 86' lang='lat' dir='ltr'>intuentibus</span> <span class='ocrx_word' id='word_1_59' title='bbox 516 1247 639 1332; x_wconf 91' lang='lat' dir='ltr'>pateat</span> <span class='ocrx_word' id='word_1_60' title='bbox 669 1234 858 1314; x_wconf 90' lang='lat' dir='ltr'>euidenter</span> <span class='ocrx_word' id='word_1_61' title='bbox 884 1231 971 1333; x_wconf 88' lang='lat' dir='ltr'>quia</span> <span class='ocrx_word' id='word_1_62' title='bbox 998 1256 1126 1312; x_wconf 85' lang='lat' dir='ltr'>verum</span> <span class='ocrx_word' id='word_1_63' title='bbox 1154 1230 1223 1319; x_wconf 86' lang='lat' dir='ltr'>est,</span> <span class='ocrx_word' id='word_1_64' title='bbox 1262 1230 1361 1331; x_wconf 92' lang='lat' dir='ltr'>quod</span> <span class='ocrx_word' id='word_1_65' title='bbox 1387 1230 1447 1307; x_wconf 92' lang='lat' dir='ltr'>sub</span> <span class='ocrx_word' id='word_1_66' title='bbox 1472 1251 1569 1306; x_wconf 90' lang='lat' dir='ltr'>anno</span> <span class='ocrx_word' id='word_1_67' title='bbox 1600 1255 1625 1307; x_wconf 90' lang='lat' dir='ltr'>a</span> <span class='ocrx_word' id='word_1_68' title='bbox 1651 1232 1700 1311; x_wconf 75' lang='lat' dir='ltr'>Na</span> 
     </span>
     <span class='ocr_line' id='line_1_9' title="bbox 127 1349 1700 1455; baseline -0.001 -24"><span class='ocrx_word' id='word_1_69' title='bbox 127 1354 244 1431; x_wconf 90' lang='lat' dir='ltr'>uitate</span> <span class='ocrx_word' id='word_1_70' title='bbox 281 1352 432 1433; x_wconf 84' lang='lat' dir='ltr'>Domini</span> <span class='ocrx_word' id='word_1_71' title='bbox 466 1351 633 1449; x_wconf 86' lang='lat' dir='ltr'>ejusdem</span> <span class='ocrx_word' id='word_1_72' title='bbox 657 1353 847 1431; x_wconf 83' lang='lat' dir='ltr'>lllillefimo</span> <span class='ocrx_word' id='word_1_73' title='bbox 870 1351 1230 1448; x_wconf 79' lang='lat' dir='ltr'>Quadringentefimo</span> <span class='ocrx_word' id='word_1_74' title='bbox 1268 1349 1561 1449; x_wconf 81' lang='lat' dir='ltr'>quinquagesrmo</span> <span class='ocrx_word' id='word_1_75' title='bbox 1599 1353 1700 1455; x_wconf 76' lang='lat' dir='ltr'>secur</span> 
     </span>
     <span class='ocr_line' id='line_1_10' title="bbox 125 1462 1700 1555; baseline -0.002 -5"><span class='ocrx_word' id='word_1_76' title='bbox 125 1473 327 1553; x_wconf 84' lang='lat' dir='ltr'>Indistione</span> <span class='ocrx_word' id='word_1_77' title='bbox 351 1472 433 1552; x_wconf 87' lang='lat' dir='ltr'>XV.</span> <span class='ocrx_word' id='word_1_78' title='bbox 467 1472 707 1549; x_wconf 80' lang='lat' dir='ltr'>Pontificatus</span> <span class='ocrx_word' id='word_1_79' title='bbox 731 1471 944 1550; x_wconf 79' lang='lat' dir='ltr'>Sanslillimi</span> <span class='ocrx_word' id='word_1_80' title='bbox 970 1471 1008 1547; x_wconf 91' lang='lat' dir='ltr'>in</span> <span class='ocrx_word' id='word_1_81' title='bbox 1034 1468 1175 1548; x_wconf 85' lang='lat' dir='ltr'>Chrillo</span> <span class='ocrx_word' id='word_1_82' title='bbox 1200 1468 1319 1544; x_wconf 87' lang='lat' dir='ltr'>Patris</span> <span class='ocrx_word' id='word_1_83' title='bbox 1343 1469 1382 1546; x_wconf 80' lang='lat' dir='ltr'>dr</span> <span class='ocrx_word' id='word_1_84' title='bbox 1402 1467 1551 1545; x_wconf 87' lang='lat' dir='ltr'>Domini</span> <span class='ocrx_word' id='word_1_85' title='bbox 1559 1498 1573 1555; x_wconf 85' lang='grc'>,-</span> <span class='ocrx_word' id='word_1_86' title='bbox 1604 1462 1700 1551; x_wconf 79' lang='lat' dir='ltr'>Dum</span> 
     </span>
     <span class='ocr_line' id='line_1_11' title="bbox 124 1588 1700 1690; baseline 0.001 -19"><span class='ocrx_word' id='word_1_87' title='bbox 124 1592 286 1678; x_wconf 83' lang='lat' dir='ltr'>Nicolai,</span> <span class='ocrx_word' id='word_1_88' title='bbox 312 1592 440 1670; x_wconf 90' lang='lat' dir='ltr'>diuina</span> <span class='ocrx_word' id='word_1_89' title='bbox 457 1592 690 1668; x_wconf 90' lang='lat' dir='ltr'>Prouidentia</span> <span class='ocrx_word' id='word_1_90' title='bbox 710 1593 831 1690; x_wconf 83' lang='lat' dir='ltr'><strong>Papae</strong></span> <span class='ocrx_word' id='word_1_91' title='bbox 852 1591 980 1675; x_wconf 88' lang='lat' dir='ltr'>Quinti</span> <span class='ocrx_word' id='word_1_92' title='bbox 1002 1589 1114 1667; x_wconf 84' lang='lat' dir='ltr'>Anno</span> <span class='ocrx_word' id='word_1_93' title='bbox 1133 1590 1255 1672; x_wconf 80' lang='lat' dir='ltr'>sexto,</span> <span class='ocrx_word' id='word_1_94' title='bbox 1279 1588 1340 1665; x_wconf 90' lang='lat' dir='ltr'>die</span> <span class='ocrx_word' id='word_1_95' title='bbox 1361 1614 1446 1668; x_wconf 85' lang='lat' dir='ltr'>vero</span> <span class='ocrx_word' id='word_1_96' title='bbox 1469 1589 1626 1670; x_wconf 87' lang='lat' dir='ltr'>secunda</span> <span class='ocrx_word' id='word_1_97' title='bbox 1650 1594 1700 1673; x_wconf 79' lang='lat' dir='ltr'>blt&#39;</span> 
     </span>
     <span class='ocr_line' id='line_1_12' title="bbox 112 1708 1700 1806; baseline 0.003 -17"><span class='ocrx_word' id='word_1_98' title='bbox 112 1711 171 1789; x_wconf 59' lang='lat' dir='ltr'>xfis</span> <span class='ocrx_word' id='word_1_99' title='bbox 192 1713 375 1793; x_wconf 84' lang='lat' dir='ltr'>Febmarii</span> <span class='ocrx_word' id='word_1_100' title='bbox 397 1713 487 1787; x_wconf 91' lang='lat' dir='ltr'>hora</span> <span class='ocrx_word' id='word_1_101' title='bbox 509 1713 636 1790; x_wconf 79' lang='lat' dir='ltr'>ostana</span> <span class='ocrx_word' id='word_1_102' title='bbox 660 1724 746 1787; x_wconf 91' lang='lat' dir='ltr'>ante</span> <span class='ocrx_word' id='word_1_103' title='bbox 772 1713 965 1790; x_wconf 85' lang='lat' dir='ltr'>meridiem</span> <span class='ocrx_word' id='word_1_104' title='bbox 988 1711 1027 1785; x_wconf 89' lang='lat' dir='ltr'>in</span> <span class='ocrx_word' id='word_1_105' title='bbox 1044 1709 1202 1786; x_wconf 85' lang='lat' dir='ltr'>Ecclelia</span> <span class='ocrx_word' id='word_1_106' title='bbox 1229 1709 1358 1806; x_wconf 82' lang='lat' dir='ltr'>majori</span> <span class='ocrx_word' id='word_1_107' title='bbox 1386 1708 1652 1789; x_wconf 86' lang='lat' dir='ltr'>Constantienli</span> <span class='ocrx_word' id='word_1_108' title='bbox 1679 1716 1700 1793; x_wconf 87' lang='lat' dir='ltr'>d</span> 
     </span>
     <span class='ocr_line' id='line_1_13' title="bbox 124 1829 1700 1933; baseline 0.001 -25"><span class='ocrx_word' id='word_1_109' title='bbox 124 1831 290 1929; x_wconf 85' lang='lat' dir='ltr'>ejusdem</span> <span class='ocrx_word' id='word_1_110' title='bbox 319 1831 375 1909; x_wconf 82' lang='lat' dir='ltr'>vel</span> <span class='ocrx_word' id='word_1_111' title='bbox 398 1830 509 1932; x_wconf 87' lang='lat' dir='ltr'>quast.</span> <span class='ocrx_word' id='word_1_112' title='bbox 547 1914 552 1926; x_wconf 55' lang='lat'>‚</span> <span class='ocrx_word' id='word_1_113' title='bbox 580 1833 622 1908; x_wconf 88' lang='lat' dir='ltr'>ln</span> <span class='ocrx_word' id='word_1_114' title='bbox 648 1831 722 1908; x_wconf 91' lang='lat' dir='ltr'>mei</span> <span class='ocrx_word' id='word_1_115' title='bbox 744 1830 886 1913; x_wconf 90' lang='lat' dir='ltr'>Notarii</span> <span class='ocrx_word' id='word_1_116' title='bbox 918 1830 1070 1930; x_wconf 87' lang='lat' dir='ltr'>publici,</span> <span class='ocrx_word' id='word_1_117' title='bbox 1103 1829 1334 1928; x_wconf 83' lang='lat' dir='ltr'>Telliumque</span> <span class='ocrx_word' id='word_1_118' title='bbox 1355 1829 1628 1927; x_wconf 89' lang='lat' dir='ltr'>subscriptorum</span> <span class='ocrx_word' id='word_1_119' title='bbox 1651 1856 1700 1933; x_wconf 82' lang='lat' dir='ltr'>pn</span> 
     </span>
     <span class='ocr_line' id='line_1_14' title="bbox 50 1948 1700 2052; baseline 0.003 -24"><span class='ocrx_word' id='word_1_120' title='bbox 50 1971 55 1975; x_wconf 90' lang='grc'><em>·</em></span> <span class='ocrx_word' id='word_1_121' title='bbox 124 1952 236 2029; x_wconf 90' lang='lat' dir='ltr'>sentia</span> <span class='ocrx_word' id='word_1_122' title='bbox 278 1952 506 2051; x_wconf 83' lang='lat' dir='ltr'>personaliter</span> <span class='ocrx_word' id='word_1_123' title='bbox 545 1952 760 2029; x_wconf 86' lang='lat' dir='ltr'>constitutus</span> <span class='ocrx_word' id='word_1_124' title='bbox 801 1951 1026 2028; x_wconf 79' lang='lat' dir='ltr'>honorabilis</span> <span class='ocrx_word' id='word_1_125' title='bbox 1071 1951 1137 2029; x_wconf 89' lang='lat' dir='ltr'>Vir</span> <span class='ocrx_word' id='word_1_126' title='bbox 1176 1948 1360 2027; x_wconf 87' lang='lat' dir='ltr'>Dominus</span> <span class='ocrx_word' id='word_1_127' title='bbox 1397 1951 1579 2046; x_wconf 76' lang='lat' dir='ltr'>Georgius</span> <span class='ocrx_word' id='word_1_128' title='bbox 1621 1953 1700 2052; x_wconf 87' lang='lat' dir='ltr'>Syb</span> 
     </span>
     <span class='ocr_line' id='line_1_15' title="bbox 123 2070 1699 2171; baseline 0 -22"><span class='ocrx_word' id='word_1_129' title='bbox 123 2073 349 2171; x_wconf 82' lang='lat' dir='ltr'>Praepositus</span> <span class='ocrx_word' id='word_1_130' title='bbox 388 2070 575 2158; x_wconf 75' lang='lat' dir='ltr'>rEcclesrae</span> <span class='ocrx_word' id='word_1_131' title='bbox 605 2072 817 2167; x_wconf 79' lang='lat' dir='ltr'>collegiatae</span> <span class='ocrx_word' id='word_1_132' title='bbox 854 2072 893 2149; x_wconf 95' lang='lat' dir='ltr'>in</span> <span class='ocrx_word' id='word_1_133' title='bbox 916 2070 1219 2147; x_wconf 88' lang='lat' dir='ltr'>Bettenbrunnen</span> <span class='ocrx_word' id='word_1_134' title='bbox 1256 2070 1437 2169; x_wconf 89' lang='lat' dir='ltr'>praefatae</span> <span class='ocrx_word' id='word_1_135' title='bbox 1468 2070 1699 2151; x_wconf 82' lang='lat' dir='ltr'>constantien</span> 
     </span>
     <span class='ocr_line' id='line_1_16' title="bbox 121 2190 1699 2291; baseline 0.002 -22"><span class='ocrx_word' id='word_1_136' title='bbox 121 2192 333 2281; x_wconf 70' lang='lat' dir='ltr'>Dioecefis,</span> <span class='ocrx_word' id='word_1_137' title='bbox 366 2192 534 2268; x_wconf 88' lang='lat' dir='ltr'>omnibus</span> <span class='ocrx_word' id='word_1_138' title='bbox 560 2192 770 2269; x_wconf 89' lang='lat' dir='ltr'>melioribus</span> <span class='ocrx_word' id='word_1_139' title='bbox 792 2194 903 2267; x_wconf 90' lang='lat' dir='ltr'>modo</span> <span class='ocrx_word' id='word_1_140' title='bbox 932 2191 991 2267; x_wconf 88' lang='lat' dir='ltr'>vla</span> <span class='ocrx_word' id='word_1_141' title='bbox 1013 2190 1099 2290; x_wconf 87' lang='lat' dir='ltr'>Jore</span> <span class='ocrx_word' id='word_1_142' title='bbox 1138 2203 1216 2267; x_wconf 88' lang='lat' dir='ltr'>tam</span> <span class='ocrx_word' id='word_1_143' title='bbox 1239 2190 1433 2277; x_wconf 83' lang='lat' dir='ltr'>conformi,</span> <span class='ocrx_word' id='word_1_144' title='bbox 1468 2192 1598 2291; x_wconf 84' lang='lat' dir='ltr'>quibus</span> <span class='ocrx_word' id='word_1_145' title='bbox 1619 2195 1699 2272; x_wconf 90' lang='lat' dir='ltr'>meli</span> 
     </span>
     <span class='ocr_line' id='line_1_17' title="bbox 123 2309 1700 2408; baseline -0.002 -16"><span class='ocrx_word' id='word_1_146' title='bbox 123 2314 163 2392; x_wconf 74' lang='grc' dir='ltr'>δι</span> <span class='ocrx_word' id='word_1_147' title='bbox 190 2311 373 2391; x_wconf 72' lang='lat' dir='ltr'>efficacius</span> <span class='ocrx_word' id='word_1_148' title='bbox 402 2311 479 2387; x_wconf 85' lang='lat' dir='ltr'>fieri</span> <span class='ocrx_word' id='word_1_149' title='bbox 504 2312 622 2408; x_wconf 91' lang='lat' dir='ltr'>potuit</span> <span class='ocrx_word' id='word_1_150' title='bbox 650 2316 687 2390; x_wconf 84' lang='lat' dir='ltr'>dt</span> <span class='ocrx_word' id='word_1_151' title='bbox 713 2311 859 2397; x_wconf 87' lang='lat' dir='ltr'>debuit,</span> <span class='ocrx_word' id='word_1_152' title='bbox 886 2310 974 2385; x_wconf 88' lang='lat' dir='ltr'>secit</span> <span class='ocrx_word' id='word_1_153' title='bbox 998 2309 1185 2388; x_wconf 84' lang='lat' dir='ltr'>constituit</span> <span class='ocrx_word' id='word_1_154' title='bbox 1233 2353 1283 2367; x_wconf 93' lang='lat'>-</span> <span class='ocrx_word' id='word_1_155' title='bbox 1331 2354 1381 2370; x_wconf 88' lang='lat'>—</span> <span class='ocrx_word' id='word_1_156' title='bbox 1431 2352 1480 2369; x_wconf 92' lang='lat'>·-</span> <span class='ocrx_word' id='word_1_157' title='bbox 1531 2318 1569 2393; x_wconf 76' lang='lat' dir='ltr'>dr</span> <span class='ocrx_word' id='word_1_158' title='bbox 1600 2317 1700 2391; x_wconf 79' lang='lat' dir='ltr'>solent</span> 
     </span>
     <span class='ocr_line' id='line_1_18' title="bbox 121 2429 1700 2539; baseline 0.003 -31"><span class='ocrx_word' id='word_1_159' title='bbox 121 2444 180 2509; x_wconf 91' lang='lat' dir='ltr'>ter</span> <span class='ocrx_word' id='word_1_160' title='bbox 210 2430 394 2508; x_wconf 89' lang='lat' dir='ltr'>ordinauit</span> <span class='ocrx_word' id='word_1_161' title='bbox 419 2431 521 2508; x_wconf 89' lang='lat' dir='ltr'>suurn</span> <span class='ocrx_word' id='word_1_162' title='bbox 547 2454 681 2509; x_wconf 85' lang='lat' dir='ltr'>verum</span> <span class='ocrx_word' id='word_1_163' title='bbox 695 2431 833 2508; x_wconf 81' lang='lat' dir='ltr'>testum</span> <span class='ocrx_word' id='word_1_164' title='bbox 855 2433 893 2509; x_wconf 83' lang='lat' dir='ltr'>dt</span> <span class='ocrx_word' id='word_1_165' title='bbox 919 2429 1163 2507; x_wconf 89' lang='lat' dir='ltr'>indubitatum</span> <span class='ocrx_word' id='word_1_166' title='bbox 1186 2435 1460 2539; x_wconf 75' lang='lat' dir='ltr'>l’rocuratorem</span> <span class='ocrx_word' id='word_1_167' title='bbox 1483 2435 1665 2514; x_wconf 69' lang='lat' dir='ltr'>aaronem</span> <span class='ocrx_word' id='word_1_168' title='bbox 1693 2480 1700 2493; x_wconf 94' lang='lat'><strong>·</strong></span> 
     </span>
     <span class='ocr_line' id='line_1_19' title="bbox 122 2546 1700 2651; baseline 0.003 -24"><span class='ocrx_word' id='word_1_169' title='bbox 122 2592 171 2610; x_wconf 89' lang='lat'><em>-</em></span> <span class='ocrx_word' id='word_1_170' title='bbox 196 2551 498 2650; x_wconf 83' lang='lat' dir='ltr'>negotiorumque</span> <span class='ocrx_word' id='word_1_171' title='bbox 527 2549 668 2648; x_wconf 89' lang='lat' dir='ltr'>piorum</span> <span class='ocrx_word' id='word_1_172' title='bbox 694 2550 870 2646; x_wconf 88' lang='lat' dir='ltr'>gestorem</span> <span class='ocrx_word' id='word_1_173' title='bbox 899 2550 937 2627; x_wconf 90' lang='lat'><strong>&amp;</strong></span> <span class='ocrx_word' id='word_1_174' title='bbox 970 2546 1153 2628; x_wconf 89' lang='lat' dir='ltr'>Vlcarium</span> <span class='ocrx_word' id='word_1_175' title='bbox 1182 2551 1395 2651; x_wconf 86' lang='lat' dir='ltr'>specialem,</span> <span class='ocrx_word' id='word_1_176' title='bbox 1436 2553 1609 2633; x_wconf 86' lang='lat' dir='ltr'>uidelicet</span> <span class='ocrx_word' id='word_1_177' title='bbox 1631 2557 1700 2632; x_wconf 89' lang='lat' dir='ltr'>bon</span> 
     </span>
     <span class='ocr_line' id='line_1_20' title="bbox 121 2669 1700 2774; baseline 0.004 -26"><span class='ocrx_word' id='word_1_178' title='bbox 121 2672 271 2748; x_wconf 87' lang='lat' dir='ltr'>rabilem</span> <span class='ocrx_word' id='word_1_179' title='bbox 315 2671 442 2748; x_wconf 86' lang='lat' dir='ltr'>Virum</span> <span class='ocrx_word' id='word_1_180' title='bbox 478 2670 676 2745; x_wconf 88' lang='lat' dir='ltr'>Dominum</span> <span class='ocrx_word' id='word_1_181' title='bbox 710 2669 869 2746; x_wconf 76' lang='lat' dir='ltr'>iliricum</span> <span class='ocrx_word' id='word_1_182' title='bbox 908 2669 1053 2744; x_wconf 84' lang='lat' dir='ltr'>Pistoris</span> <span class='ocrx_word' id='word_1_183' title='bbox 1086 2671 1347 2767; x_wconf 81' lang='lat' dir='ltr'>cappellanum</span> <span class='ocrx_word' id='word_1_184' title='bbox 1385 2674 1565 2752; x_wconf 73' lang='lat' dir='ltr'>Ecclesiae</span> <span class='ocrx_word' id='word_1_185' title='bbox 1598 2678 1700 2774; x_wconf 86' lang='lat' dir='ltr'>major</span> 
     </span>
     <span class='ocr_line' id='line_1_21' title="bbox 122 2784 1700 2897; baseline 0.004 -29"><span class='ocrx_word' id='word_1_186' title='bbox 122 2788 402 2869; x_wconf 86' lang='lat' dir='ltr'>Constantiensrs</span> <span class='ocrx_word' id='word_1_187' title='bbox 423 2789 673 2883; x_wconf 78' lang='lat' dir='ltr'>resignandum</span> <span class='ocrx_word' id='word_1_188' title='bbox 695 2784 975 2886; x_wconf 79' lang='lat' dir='ltr'>Praeposituram</span> <span class='ocrx_word' id='word_1_189' title='bbox 995 2790 1213 2888; x_wconf 77' lang='lat' dir='ltr'>praeditlam</span> <span class='ocrx_word' id='word_1_190' title='bbox 1232 2792 1269 2867; x_wconf 88' lang='lat' dir='ltr'>in</span> <span class='ocrx_word' id='word_1_191' title='bbox 1289 2794 1611 2882; x_wconf 84' lang='lat' dir='ltr'>Bettenbrunnen,</span> <span class='ocrx_word' id='word_1_192' title='bbox 1635 2822 1700 2897; x_wconf 84' lang='lat' dir='ltr'>qua</span> 
     </span>
     <span class='ocr_line' id='line_1_22' title="bbox 122 2907 1700 3005; baseline 0.007 -21"><span class='ocrx_word' id='word_1_193' title='bbox 122 2912 239 2989; x_wconf 75' lang='lat' dir='ltr'>ditius</span> <span class='ocrx_word' id='word_1_194' title='bbox 264 2907 446 2985; x_wconf 88' lang='lat' dir='ltr'>Dominus</span> <span class='ocrx_word' id='word_1_195' title='bbox 478 2907 656 3005; x_wconf 86' lang='lat' dir='ltr'>Georgius</span> <span class='ocrx_word' id='word_1_196' title='bbox 680 2909 809 3004; x_wconf 87' lang='lat' dir='ltr'>Sybolt</span> <span class='ocrx_word' id='word_1_197' title='bbox 833 2912 996 2995; x_wconf 86' lang='lat' dir='ltr'>obtinet,</span> <span class='ocrx_word' id='word_1_198' title='bbox 1043 2910 1080 2985; x_wconf 92' lang='lat' dir='ltr'>in</span> <span class='ocrx_word' id='word_1_199' title='bbox 1108 2912 1277 2987; x_wconf 87' lang='lat' dir='ltr'>manibus</span> <span class='ocrx_word' id='word_1_200' title='bbox 1303 2914 1511 2991; x_wconf 83' lang='lat' dir='ltr'>Reuerendi</span> <span class='ocrx_word' id='word_1_201' title='bbox 1544 2919 1585 2993; x_wconf 90' lang='lat' dir='ltr'>in</span> <span class='ocrx_word' id='word_1_202' title='bbox 1606 2916 1700 2995; x_wconf 86' lang='lat' dir='ltr'>Chris</span> 
     </span>
     <span class='ocr_line' id='line_1_23' title="bbox 121 3028 1700 3135; baseline 0.006 -29"><span class='ocrx_word' id='word_1_203' title='bbox 121 3031 238 3106; x_wconf 82' lang='lat' dir='ltr'>Patris</span> <span class='ocrx_word' id='word_1_204' title='bbox 264 3032 300 3108; x_wconf 79' lang='lat' dir='ltr'>br</span> <span class='ocrx_word' id='word_1_205' title='bbox 322 3028 472 3105; x_wconf 91' lang='lat' dir='ltr'>Domini</span> <span class='ocrx_word' id='word_1_206' title='bbox 493 3029 643 3109; x_wconf 88' lang='lat' dir='ltr'>Domini</span> <span class='ocrx_word' id='word_1_207' title='bbox 664 3030 821 3107; x_wconf 85' lang='lat' dir='ltr'>Ethardi</span> <span class='ocrx_word' id='word_1_208' title='bbox 843 3032 999 3108; x_wconf 84' lang='lat' dir='ltr'>Abbatis</span> <span class='ocrx_word' id='word_1_209' title='bbox 1026 3032 1233 3107; x_wconf 85' lang='lat' dir='ltr'>Monaslerii</span> <span class='ocrx_word' id='word_1_210' title='bbox 1259 3033 1298 3108; x_wconf 88' lang='lat' dir='ltr'>in</span> <span class='ocrx_word' id='word_1_211' title='bbox 1328 3035 1543 3130; x_wconf 89' lang='lat' dir='ltr'>Wingarten</span> <span class='ocrx_word' id='word_1_212' title='bbox 1582 3037 1700 3135; x_wconf 81' lang='lat' dir='ltr'>ejusde</span> 
     </span>
     <span class='ocr_line' id='line_1_24' title="bbox 121 3146 1700 3253; baseline 0.007 -27"><span class='ocrx_word' id='word_1_213' title='bbox 121 3146 387 3247; x_wconf 76' lang='lat' dir='ltr'>praepositurae</span> <span class='ocrx_word' id='word_1_214' title='bbox 409 3159 478 3224; x_wconf 75' lang='lat' dir='ltr'>ueri</span> <span class='ocrx_word' id='word_1_215' title='bbox 502 3156 679 3236; x_wconf 63' lang='lat' dir='ltr'>sotanis,</span> <span class='ocrx_word' id='word_1_216' title='bbox 711 3151 937 3227; x_wconf 85' lang='lat' dir='ltr'>seualterius</span> <span class='ocrx_word' id='word_1_217' title='bbox 958 3152 1220 3251; x_wconf 85' lang='lat' dir='ltr'>cujuscumque</span> <span class='ocrx_word' id='word_1_218' title='bbox 1241 3153 1347 3230; x_wconf 91' lang='lat' dir='ltr'>adid</span> <span class='ocrx_word' id='word_1_219' title='bbox 1372 3156 1588 3253; x_wconf 87' lang='lat' dir='ltr'>potestatem</span> <span class='ocrx_word' id='word_1_220' title='bbox 1610 3158 1700 3237; x_wconf 76' lang='lat' dir='ltr'>nun</span> 
     </span>
     <span class='ocr_line' id='line_1_25' title="bbox 123 3270 1700 3373; baseline 0.004 -28"><span class='ocrx_word' id='word_1_221' title='bbox 123 3271 188 3356; x_wconf 88' lang='lat' dir='ltr'>tis,</span> <span class='ocrx_word' id='word_1_222' title='bbox 211 3292 377 3344; x_wconf 89' lang='lat' dir='ltr'>necnon</span> <span class='ocrx_word' id='word_1_223' title='bbox 406 3270 452 3343; x_wconf 89' lang='lat' dir='ltr'>ad</span> <span class='ocrx_word' id='word_1_224' title='bbox 483 3272 679 3365; x_wconf 73' lang='lat' dir='ltr'>pretendum</span> <span class='ocrx_word' id='word_1_225' title='bbox 707 3270 911 3348; x_wconf 80' lang='lat' dir='ltr'>instandum</span> <span class='ocrx_word' id='word_1_226' title='bbox 938 3272 1216 3370; x_wconf 87' lang='lat' dir='ltr'>requirendum,</span> <span class='ocrx_word' id='word_1_227' title='bbox 1256 3275 1584 3363; x_wconf 83' lang='lat' dir='ltr'>&amp;continendum</span> <span class='ocrx_word' id='word_1_228' title='bbox 1615 3276 1700 3373; x_wconf 67' lang='lat' dir='ltr'>buius</span> 
     </span>
     <span class='ocr_line' id='line_1_26' title="bbox 122 3386 1700 3494; baseline 0.005 -29"><span class='ocrx_word' id='word_1_229' title='bbox 122 3389 220 3466; x_wconf 89' lang='lat' dir='ltr'>modi</span> <span class='ocrx_word' id='word_1_230' title='bbox 252 3388 529 3483; x_wconf 78' lang='lat' dir='ltr'>resignationem</span> <span class='ocrx_word' id='word_1_231' title='bbox 561 3389 672 3484; x_wconf 86' lang='lat' dir='ltr'>recipi</span> <span class='ocrx_word' id='word_1_232' title='bbox 707 3392 921 3469; x_wconf 80' lang='lat' dir='ltr'>&amp;admitti</span> <span class='ocrx_word' id='word_1_233' title='bbox 961 3398 998 3473; x_wconf 83' lang='lat' dir='ltr'>dt</span> <span class='ocrx_word' id='word_1_234' title='bbox 1030 3396 1077 3469; x_wconf 92' lang='lat' dir='ltr'>ad</span> <span class='ocrx_word' id='word_1_235' title='bbox 1105 3392 1298 3488; x_wconf 84' lang='lat' dir='ltr'>jurandum</span> <span class='ocrx_word' id='word_1_236' title='bbox 1327 3395 1388 3471; x_wconf 93' lang='lat' dir='ltr'>seu</span> <span class='ocrx_word' id='word_1_237' title='bbox 1418 3395 1466 3470; x_wconf 91' lang='lat' dir='ltr'>ad</span> <span class='ocrx_word' id='word_1_238' title='bbox 1487 3386 1700 3494; x_wconf 67' lang='lat' dir='ltr'>Juramentsn</span> 
     </span>
     <span class='ocr_line' id='line_1_27' title="bbox 121 3506 1700 3608; baseline 0.006 -26"><span class='ocrx_word' id='word_1_239' title='bbox 121 3510 158 3583; x_wconf 91' lang='lat' dir='ltr'>in</span> <span class='ocrx_word' id='word_1_240' title='bbox 187 3507 305 3583; x_wconf 82' lang='lat' dir='ltr'>forma</span> <span class='ocrx_word' id='word_1_241' title='bbox 325 3507 420 3584; x_wconf 76' lang='lat' dir='ltr'>ditia</span> <span class='ocrx_word' id='word_1_242' title='bbox 455 3506 494 3583; x_wconf 80' lang='lat' dir='ltr'>dt</span> <span class='ocrx_word' id='word_1_243' title='bbox 527 3511 695 3585; x_wconf 90' lang='lat' dir='ltr'>consueta</span> <span class='ocrx_word' id='word_1_244' title='bbox 729 3513 979 3608; x_wconf 82' lang='lat' dir='ltr'>praestandum</span> <span class='ocrx_word' id='word_1_245' title='bbox 1017 3515 1054 3587; x_wconf 92' lang='lat' dir='ltr'>in</span> <span class='ocrx_word' id='word_1_246' title='bbox 1090 3536 1221 3588; x_wconf 90' lang='lat' dir='ltr'>manus</span> <span class='ocrx_word' id='word_1_247' title='bbox 1258 3514 1559 3592; x_wconf 88' lang='lat' dir='ltr'>Reuerendisliml</span> <span class='ocrx_word' id='word_1_248' title='bbox 1594 3516 1700 3594; x_wconf 91' lang='lat' dir='ltr'>Domi</span> 
     </span>
     <span class='ocr_line' id='line_1_28' title="bbox 119 3625 1700 3736; baseline 0.005 -31"><span class='ocrx_word' id='word_1_249' title='bbox 119 3625 272 3705; x_wconf 70' lang='lat' dir='ltr'>abbatis</span> <span class='ocrx_word' id='word_1_250' title='bbox 295 3626 356 3701; x_wconf 91' lang='lat' dir='ltr'>seu</span> <span class='ocrx_word' id='word_1_251' title='bbox 370 3625 518 3701; x_wconf 82' lang='lat' dir='ltr'>alterius</span> <span class='ocrx_word' id='word_1_252' title='bbox 541 3630 603 3727; x_wconf 91' lang='lat' dir='ltr'>qui</span> <span class='ocrx_word' id='word_1_253' title='bbox 630 3627 842 3725; x_wconf 84' lang='lat' dir='ltr'>hujusmodi</span> <span class='ocrx_word' id='word_1_254' title='bbox 856 3629 1133 3727; x_wconf 82' lang='lat' dir='ltr'>refignationem</span> <span class='ocrx_word' id='word_1_255' title='bbox 1152 3626 1344 3720; x_wconf 78' lang='lat' dir='ltr'>admittet,</span> <span class='ocrx_word' id='word_1_256' title='bbox 1367 3636 1539 3734; x_wconf 90' lang='lat' dir='ltr'>quodque</span> <span class='ocrx_word' id='word_1_257' title='bbox 1562 3640 1611 3712; x_wconf 89' lang='lat' dir='ltr'>ad</span> <span class='ocrx_word' id='word_1_258' title='bbox 1632 3636 1700 3736; x_wconf 84' lang='lat' dir='ltr'>ipsa</span> 
     </span>
     <span class='ocr_line' id='line_1_29' title="bbox 119 3745 1700 3853; baseline 0.007 -29"><span class='ocrx_word' id='word_1_259' title='bbox 119 3745 393 3842; x_wconf 73' lang='lat' dir='ltr'>resignationem</span> <span class='ocrx_word' id='word_1_260' title='bbox 417 3746 537 3845; x_wconf 85' lang='lat' dir='ltr'>aliqua</span> <span class='ocrx_word' id='word_1_261' title='bbox 566 3750 767 3846; x_wconf 89' lang='lat' dir='ltr'>corruptela</span> <span class='ocrx_word' id='word_1_262' title='bbox 794 3750 851 3829; x_wconf 89' lang='lat' dir='ltr'>vel</span> <span class='ocrx_word' id='word_1_263' title='bbox 874 3750 1067 3828; x_wconf 78' lang='lat' dir='ltr'>simoniaca</span> <span class='ocrx_word' id='word_1_264' title='bbox 1092 3752 1271 3849; x_wconf 88' lang='lat' dir='ltr'>prauitas,</span> <span class='ocrx_word' id='word_1_265' title='bbox 1305 3765 1370 3829; x_wconf 89' lang='lat' dir='ltr'>aut</span> <span class='ocrx_word' id='word_1_266' title='bbox 1395 3757 1551 3853; x_wconf 79' lang='lat' dir='ltr'>quaeuis</span> <span class='ocrx_word' id='word_1_267' title='bbox 1576 3758 1700 3835; x_wconf 87' lang='lat' dir='ltr'>aliail</span> 
     </span>
     <span class='ocr_line' id='line_1_30' title="bbox 118 3865 1700 3974; baseline 0.008 -35"><span class='ocrx_word' id='word_1_268' title='bbox 118 3866 192 3941; x_wconf 90' lang='lat' dir='ltr'>cita</span> <span class='ocrx_word' id='word_1_269' title='bbox 211 3866 316 3964; x_wconf 78' lang='lat' dir='ltr'>passio</span> <span class='ocrx_word' id='word_1_270' title='bbox 340 3865 546 3941; x_wconf 85' lang='lat' dir='ltr'>nullatcnus</span> <span class='ocrx_word' id='word_1_271' title='bbox 568 3866 781 3956; x_wconf 85' lang='lat' dir='ltr'>interuenit,</span> <span class='ocrx_word' id='word_1_272' title='bbox 817 3872 874 3946; x_wconf 87' lang='lat' dir='ltr'>vel</span> <span class='ocrx_word' id='word_1_273' title='bbox 898 3872 1137 3961; x_wconf 87' lang='lat' dir='ltr'>interuenlet,</span> <span class='ocrx_word' id='word_1_274' title='bbox 1175 3884 1252 3950; x_wconf 88' lang='lat' dir='ltr'>tam</span> <span class='ocrx_word' id='word_1_275' title='bbox 1277 3897 1299 3950; x_wconf 93' lang='lat' dir='ltr'>a</span> <span class='ocrx_word' id='word_1_276' title='bbox 1325 3888 1429 3973; x_wconf 85' lang='lat' dir='ltr'>parte</span> <span class='ocrx_word' id='word_1_277' title='bbox 1451 3874 1641 3974; x_wconf 78' lang='lat' dir='ltr'>ipfiusmet</span> <span class='ocrx_word' id='word_1_278' title='bbox 1664 3878 1700 3959; x_wconf 70' lang='lat' dir='ltr'>Dr</span> 
     </span>
     <span class='ocr_line' id='line_1_31' title="bbox 117 3984 1237 4092; baseline 0.006 -29"><span class='ocrx_word' id='word_1_279' title='bbox 117 3986 211 4063; x_wconf 87' lang='lat' dir='ltr'>mini</span> <span class='ocrx_word' id='word_1_280' title='bbox 243 3984 494 4062; x_wconf 85' lang='lat' dir='ltr'>constituentis</span> <span class='ocrx_word' id='word_1_281' title='bbox 520 4008 630 4084; x_wconf 90' lang='lat' dir='ltr'>quam</span> <span class='ocrx_word' id='word_1_282' title='bbox 652 3989 766 4066; x_wconf 89' lang='lat' dir='ltr'>etiam</span> <span class='ocrx_word' id='word_1_283' title='bbox 789 3990 935 4067; x_wconf 81' lang='lat' dir='ltr'>alterius</span> <span class='ocrx_word' id='word_1_284' title='bbox 964 3991 1237 4092; x_wconf 82' lang='lat' dir='ltr'>cujuscumque.</span> 
     </span>
    </p>
   </div>
   <div class='ocr_carea' id='block_1_4' title="bbox 116 4220 1700 4803">
    <p class='ocr_par' dir='ltr' id='par_1_4' title="bbox 116 4220 1700 4697">
     <span class='ocr_line' id='line_1_32' title="bbox 209 4220 1700 4332; baseline 0.011 -33"><span class='ocrx_word' id='word_1_285' title='bbox 209 4222 261 4299; x_wconf 85' lang='lat' dir='ltr'>Et</span> <span class='ocrx_word' id='word_1_286' title='bbox 281 4220 502 4321; x_wconf 77' lang='lat' dir='ltr'>singulariter</span> <span class='ocrx_word' id='word_1_287' title='bbox 527 4224 651 4302; x_wconf 85' lang='lat' dir='ltr'>omnia</span> <span class='ocrx_word' id='word_1_288' title='bbox 678 4226 749 4303; x_wconf 89' lang='lat' dir='ltr'>alia</span> <span class='ocrx_word' id='word_1_289' title='bbox 775 4231 813 4309; x_wconf 82' lang='lat' dir='ltr'>dt</span> <span class='ocrx_word' id='word_1_290' title='bbox 837 4226 973 4327; x_wconf 79' lang='lat' dir='ltr'>sagula</span> <span class='ocrx_word' id='word_1_291' title='bbox 1005 4229 1213 4309; x_wconf 84' lang='lat' dir='ltr'>faciendum</span> <span class='ocrx_word' id='word_1_292' title='bbox 1240 4232 1438 4313; x_wconf 89' lang='lat' dir='ltr'>dicendum</span> <span class='ocrx_word' id='word_1_293' title='bbox 1467 4240 1668 4332; x_wconf 86' lang='lat' dir='ltr'>gerendum</span> <span class='ocrx_word' id='word_1_294' title='bbox 1691 4260 1700 4315; x_wconf 80' lang='lat' dir='ltr'>a</span> 
     </span>
     <span class='ocr_line' id='line_1_33' title="bbox 117 4344 1700 4456; baseline 0.011 -39"><span class='ocrx_word' id='word_1_295' title='bbox 117 4344 360 4421; x_wconf 83' lang='lat' dir='ltr'>exercendum</span> <span class='ocrx_word' id='word_1_296' title='bbox 379 4367 477 4443; x_wconf 82' lang='lat' dir='ltr'>quae</span> <span class='ocrx_word' id='word_1_297' title='bbox 507 4344 659 4444; x_wconf 91' lang='lat' dir='ltr'>ipsemet</span> <span class='ocrx_word' id='word_1_298' title='bbox 690 4346 874 4426; x_wconf 86' lang='lat' dir='ltr'>Dominus</span> <span class='ocrx_word' id='word_1_299' title='bbox 902 4351 1122 4427; x_wconf 85' lang='lat' dir='ltr'>constituens</span> <span class='ocrx_word' id='word_1_300' title='bbox 1152 4353 1271 4430; x_wconf 86' lang='lat' dir='ltr'>facere</span> <span class='ocrx_word' id='word_1_301' title='bbox 1294 4354 1423 4453; x_wconf 83' lang='lat' dir='ltr'>posset,</span> <span class='ocrx_word' id='word_1_302' title='bbox 1458 4356 1700 4456; x_wconf 80' lang='lat' dir='ltr'>fipertomtin</span> 
     </span>
     <span class='ocr_line' id='line_1_34' title="bbox 117 4460 1700 4557; baseline 0.011 -23"><span class='ocrx_word' id='word_1_303' title='bbox 117 4460 260 4536; x_wconf 86' lang='lat' dir='ltr'>adesset.</span> <span class='ocrx_word' id='word_1_304' title='bbox 309 4464 413 4548; x_wconf 89' lang='lat' dir='ltr'>Quae</span> <span class='ocrx_word' id='word_1_305' title='bbox 439 4466 516 4541; x_wconf 77' lang='lat' dir='ltr'>asia</span> <span class='ocrx_word' id='word_1_306' title='bbox 540 4466 578 4544; x_wconf 85' lang='lat' dir='ltr'>dt</span> <span class='ocrx_word' id='word_1_307' title='bbox 601 4467 694 4542; x_wconf 77' lang='lat' dir='ltr'>rana</span> <span class='ocrx_word' id='word_1_308' title='bbox 717 4468 799 4546; x_wconf 89' lang='lat' dir='ltr'>sunt</span> <span class='ocrx_word' id='word_1_309' title='bbox 819 4462 1057 4549; x_wconf 79' lang='lat' dir='ltr'>constantiae</span> <span class='ocrx_word' id='word_1_310' title='bbox 1084 4471 1146 4550; x_wconf 89' lang='lat' dir='ltr'>sub</span> <span class='ocrx_word' id='word_1_311' title='bbox 1168 4496 1265 4548; x_wconf 90' lang='lat' dir='ltr'>anno</span> <span class='ocrx_word' id='word_1_312' title='bbox 1289 4474 1442 4553; x_wconf 90' lang='lat' dir='ltr'>Domini</span> <span class='ocrx_word' id='word_1_313' title='bbox 1466 4492 1539 4557; x_wconf 89' lang='lat' dir='ltr'>etc.</span> <span class='ocrx_word' id='word_1_314' title='bbox 1572 4478 1700 4556; x_wconf 79' lang='lat' dir='ltr'>Indilli</span> 
     </span>
     <span class='ocr_line' id='line_1_35' title="bbox 116 4579 1700 4697; baseline 0.01 -42"><span class='ocrx_word' id='word_1_315' title='bbox 116 4603 163 4656; x_wconf 91' lang='lat' dir='ltr'>ne</span> <span class='ocrx_word' id='word_1_316' title='bbox 190 4579 428 4669; x_wconf 86' lang='lat' dir='ltr'>Pontificatu,</span> <span class='ocrx_word' id='word_1_317' title='bbox 451 4583 570 4674; x_wconf 88' lang='lat' dir='ltr'>Loco,</span> <span class='ocrx_word' id='word_1_318' title='bbox 593 4586 737 4697; x_wconf 62' lang='grc' dir='ltr'>Μειή,</span> <span class='ocrx_word' id='word_1_319' title='bbox 762 4588 824 4666; x_wconf 83' lang='lat' dir='ltr'>die</span> <span class='ocrx_word' id='word_1_320' title='bbox 849 4612 893 4693; x_wconf 75' lang='lat' dir='ltr'>ac</span> <span class='ocrx_word' id='word_1_321' title='bbox 916 4590 1009 4691; x_wconf 86' lang='lat' dir='ltr'>hora</span> <span class='ocrx_word' id='word_1_322' title='bbox 1033 4592 1166 4694; x_wconf 81' lang='lat' dir='ltr'>quibus</span> <span class='ocrx_word' id='word_1_323' title='bbox 1185 4590 1307 4694; x_wconf 83' lang='lat' dir='ltr'>supra,</span> <span class='ocrx_word' id='word_1_324' title='bbox 1329 4594 1577 4696; x_wconf 83' lang='lat' dir='ltr'>praesentibus</span> <span class='ocrx_word' id='word_1_325' title='bbox 1600 4598 1700 4674; x_wconf 71' lang='lat' dir='ltr'>ibides</span> 
     </span>
    </p>

    <p class='ocr_par' dir='ltr' id='par_1_5' title="bbox 693 4688 1700 4803">
     <span class='ocr_line' id='line_1_36' title="bbox 693 4688 1700 4803; baseline 0.008 -10"><span class='ocrx_word' id='word_1_326' title='bbox 693 4706 702 4715; x_wconf 86' lang='lat'>&#39;</span> <span class='ocrx_word' id='word_1_327' title='bbox 810 4688 847 4753; x_wconf 55' lang='lat'>³¹</span> <span class='ocrx_word' id='word_1_328' title='bbox 1211 4716 1218 4739; x_wconf 82' lang='grc'><strong>”</strong></span> <span class='ocrx_word' id='word_1_329' title='bbox 1543 4715 1700 4803; x_wconf 85' lang='lat' dir='ltr'>honorall</span> 
     </span>
    </p>
   </div>
   <div class='ocr_carea' id='block_1_5' title="bbox 0 0 1872 5160">
    <p class='ocr_par' dir='ltr' id='par_1_6' title="bbox 0 0 1872 5160">
     <span class='ocr_line' id='line_1_37' title="bbox 0 0 1872 5160; baseline 0 2"><span class='ocrx_word' id='word_1_330' title='bbox 0 0 1872 5160; x_wconf 95' lang='lat' dir='ltr'> </span> 
     </span>
    </p>
   </div>
  </div>
 </body>
</html>
