3742 5160
120 263 195 357 3⁶4
723 259 1143 352 emmor

122 435 287 534 impendi
309 460 331 513 a
362 431 432 512 suis
463 432 721 536 successoribus
736 441 893 527 deberet.
946 437 1122 515 Salutaris
1140 439 1220 517 sanc
1242 438 1281 517 dr
1302 437 1435 538 oppido
1452 438 1646 518 necessaria
1666 465 1742 520 con·
1773 439 1777 447 ⁴

122 557 277 645 stitutio,
303 582 414 658 quum
439 571 607 635 exortum
635 582 749 657 nuper
780 544 991 634 Incendium
1025 567 1166 634 tautam
1197 557 1233 633 in
1265 580 1345 633 rem
1377 557 1557 637 librariam
1591 563 1743 660 depopu-

122 676 297 754 lationem
331 679 543 765 inuexisset,
585 679 623 756 tir
656 677 965 777 quemadmodum
993 675 1064 774 ipse
1093 701 1167 754 non
1199 688 1344 753 tantum
1374 681 1581 786 praecipere
1614 685 1650 756 in
1681 681 1742 759 vlla
1774 729 1776 735 ·

122 821 296 897 umquam
319 823 358 874 re
384 799 520 899 absque
543 798 722 898 Exemplo
745 797 876 886 voluit,
922 797 970 874 src
993 796 1055 874 hic
1083 821 1229 898 quoque
1258 798 1397 922 primus
1428 810 1525 887 erat,
1571 803 1637 900 qul
1666 802 1743 878 huic

123 919 193 996 sese
219 918 309 1015 Legi
341 917 500 1017 subjecit.

41 1168 44 1175 ·
219 1115 268 1192 Vt
288 1112 386 1189 enim
410 1112 500 1188 nihil
524 1113 570 1190 de
595 1136 639 1188 ea
664 1111 833 1206 librorum
861 1107 965 1209 copia
987 1109 1126 1195 dicam,
1159 1131 1251 1209 quos
1278 1107 1421 1205 smgulis
1448 1108 1553 1189 annis
1575 1134 1625 1188 ex
1650 1107 1743 1189 Nun·

124 1231 222 1309 dinis
251 1231 485 1335 Lipfienſsbas,
519 1229 872 1335 Francosurderrfibus,
914 1226 1217 1331 Solisburgrustbus
1251 1229 1403 1327 aliisque
1432 1231 1553 1319 locis,
1598 1257 1743 1329 quorum

124 1352 409 1447 defignationem
436 1351 540 1428 nobis
573 1351 809 1428 solertislimus
837 1348 1087 1426 Bibliothecae
1116 1346 1245 1424 Cuslos
1272 1345 1311 1425 P.
1339 1348 1495 1456 ffoonurs
1526 1352 1650 1429 Rieber
1674 1377 1743 1451 pro·

126 1473 203 1573 pria
233 1472 446 1570 descriptam
477 1494 591 1548 manu
615 1471 779 1569 reliquit,
804 1467 928 1547 venire
951 1465 1058 1554 fecit,
1085 1468 1270 1563 ingentem
1297 1468 1475 1549 Codicum
1497 1473 1742 1550 rarissimorum

110 1592 347 1699 ¹thesaurum,
373 1592 417 1669 ab
451 1589 591 1697 ρῗοαηηι
617 1574 757 1692 Pistorio
783 1612 805 1663 a
827 1590 865 1666 dr
893 1586 931 1662 in
960 1585 1261 1664 Reichenweiller
1288 1588 1441 1689 Equite,
1474 1591 1622 1669 Comite
1652 1593 1742 1669 Pala·

122 1714 223 1800 tino,
249 1713 287 1790 S.
304 1713 353 1793 C.
375 1715 426 1790 M.
454 1713 492 1791 ὅ(
517 1710 693 1791 Elesloris
717 1705 943 1785 Colonienfis
971 1705 1181 1783 Coufiliario
1207 1709 1366 1809 quinque
1394 1711 1553 1790 Millium
1581 1712 1742 1792 Floreno·

121 1856 203 1911 rum
231 1834 347 1932 pretio
371 1833 550 1920 oblatum,
593 1839 627 1931 r)
658 1827 894 1930 comparauit.
943 1825 1081 1915 'santos
1102 1838 1200 1904 certe
1222 1828 1284 1904 sub
1304 1827 1386 1926 ejus
1415 1833 1594 1930 regimine
1616 1837 1742 1918 Biblio-

47 2009 49 2012 ι
122 1952 231 2030 theca
266 1940 393 2031 nostraw
417 1953 489 2030 fiu'e
513 1954 687 2031 librorum
722 1949 928 2033 raritatem,
962 1945 1034 2023 siue
1064 1947 1206 2044 copiam
1237 1948 1388 2045 speeies,
1424 1959 1622 2054 progressus
1648 1963 1738 2048 fecit,

32 2132 43 2138 -
121 2085 180 2160 vt,
206 2072 230 2147 sr
263 2073 530 2160 successoribus,
567 2072 648 2172 ejus
679 2071 796 2173 sequi
806 2065 953 2164 vestigia
988 2064 1045 2146 vel
1079 2089 1143 2164 per
1175 2059 1341 2164 agrorum
1373 2073 1659 2169 abundantiam.
1692 2083 1738 2163 vel

120 2217 183 2293 per
219 2194 322 2270 Pacis
353 2193 651 2292 tranquillitatem
670 2191 838 2275 licuisset,
871 2186 934 2264 srbi
966 2185 989 2261 s
991 2185 1142 2273 milem
1177 2190 1215 2266 dr
1249 2183 1364 2267 forsan
1393 2192 1520 2292 frustra
1550 2216 1736 2300 quaereret

120 2313 187 2392 Ast
205 2337 290 2389 cara
313 2309 417 2402 sane,
461 2314 500 2392 dt
532 2315 741 2393 turbulenta
772 2323 937 2409 tempora
973 2329 1127 2384 manum
1163 2305 1291 2399 simul,
1329 2311 1369 2390 bt
1403 2317 1633 2404 voluntatem
1665 2331 1760 2475 cou·'

121 2444 319 2513 traxerunt.

215 2625 424 2716 Hatlenus,
447 2637 488 2705 vt
521 2603 748 2716 audiuimus,
781 2620 951 2722 Religioli
981 2617 1142 2723 Juuenes
1175 2618 1256 2697 Dil'
1229 2587 1386 2723 sanguin,
1412 2653 1486 2708 non
1518 2634 1678 2732 ignobile
1698 2637 1736 2715 ad

120 2750 329 2827 Danubium
361 2746 553 2848 dppidum,
575 2749 808 2826 Ordinariam
830 2747 993 2846 Episcopi
1022 2740 1220 2835 Augustani
1247 2746 1386 2833 sedem,
1417 2753 1478 2828 vbi
1509 2755 1591 2833 Orto
1625 2759 1736 2836 Tracl·

113 2869 226 2974 seffius
254 2868 447 2947 Cordinulr's
470 2893 567 2946 auno
607 2893 711 2969 1549.
741 2869 982 2948 Academiam
1010 2859 1182 2949 instituit,
1212 2862 1250 2939 ὅ(
1278 2875 1376 2943 'anno
1408 2882 1512 2975 15⁶4
1544 2876 1736 2978 Collegium

12 2993 19 3007 “
121 2989 298 3068 Societati
324 2991 514 3078 exstruxit,
544 2992 591 3068 ad
624 2992 868 3091 prosequenda
905 2988 966 3064 sub
989 2986 1122 3060 horum
1147 2983 1298 3058 Petrum
1330 3008 1414 3066 cura
1438 2992 1659 3080 Litterarum
1677 3003 1735 3079 llu-

35 3128 51 3187 ’,
120 3110 183 3187 dia
212 3110 300 3188 missi
334 3087 512 3207 abjeruni.
574 3113 696 3196 Quum
731 3134 817 3208 ergo
851 3109 972 3209 postea
1006 3111 1131 3180 tantus
1172 3123 1245 3176 uon
1280 3105 1544 3203 llonachorum
1582 3136 1734 3210 tantum,

118 3230 181 3306 fed
213 3229 423 3306 secularium
452 3233 565 3310 etiam
596 3233 786 3308 concursus
820 3231 946 3315 fieret,
991 3236 1032 3302 vt
1068 3225 1300 3296 ann01⁶00
1338 3233 1505 3330 ducenti,
1542 3258 1608 3320 aut
1630 3247 1735 3344 plures

120 3374 264 3449 quoque
289 3349 525 3428 Conuiilorer
514 3374 551 3426 m
575 3374 646 3429 vna
679 3353 725 3427 de
753 3353 791 3428 S
816 3353 1046 3446 Hieronymo
1072 3340 1167 3426 ditia
1200 3343 1311 3428 domo
1339 3377 1638 3453 numerarentur,
1671 3366 1736 3442 ab·

10 3563 12 3566 ψ
120 3472 224 3549 bates
250 3469 500 3560 Benedittini,
531 3471 621 3546 haut
645 3471 754 3547 dubie
779 3496 826 3546 ex
854 3466 952 3575 αῗιεΓ·
926 3497 950 3548 u
977 3465 1193 3582 Prisciansts,
1227 3483 1264 3558 ἀ
1294 3476 1446 3559 aliorum
1473 3485 1654 3566 ditiorum
1680 3490 1735 3563 Pa·

118 3604 217 3670 trum
255 3589 421 3670 instinstu
446 3591 495 3668 de
518 3593 709 3667 condendo
735 3616 833 3667 nouo
853 3619 915 3692 pro
940 3597 1025 3698 stolis
1055 3601 1231 3705 Religiosts
1262 3599 1333 3676 Coss
1332 3605 1404 3700 egio
1437 3604 1641 3685 deliberare
1667 3629 1734 3684 coe·

78 3787 82 3796 ,
119 3724 260 3812 petunt
335 3712 529 3810 Praecipue
570 3713 666 3811 quod
699 3713 885 3791 Andream
920 3719 1149 3797 Austriacum
1183 3721 1414 3798 cardinalem
1448 3727 1486 3801 dr
1530 3727 1731 3830 Episcopum

119 3829 430 3913 constantiensem
458 3855 543 3930 erga
583 3829 750 3909 ordinem
786 3833 1052 3917 benedidinum
1085 3841 1178 3917 mire
1208 3841 1408 3929 adscitum,
1455 3851 1645 3945 egregium
1677 3853 1734 3926 luc

118 3956 157 4033 in
182 3981 222 4033 re
243 3956 455 4050 adjutorem
490 3955 524 4031 se
554 3950 762 4029 habiturum
793 3957 1002 4044 crederentr
1047 3982 1174 4038 verum
1214 3985 1326 4060 quum
1362 3961 1484 4058 postea
1517 3991 1567 4043 ex
1599 3972 1734 4052 Nuntio

118 4075 325 4178 Apostolico
357 4072 616 4170 intelligerent,
654 4073 841 4151 Andream
870 4077 986 4174 pridie
1014 4081 1144 4158 Iduum
1173 4079 1393 4159 Nouembris
1416 4108 1513 4161 anno
1548 4098 1650 4170 rooo.
1681 4094 1734 4168 dc·

119 4201 299 4286 mustum,
335 4194 479 4294 Jesuitis
517 4216 565 4270 ne
597 4192 745 4271 obulum
788 4195 936 4292 quidem
968 4196 1114 4297 legasse,
1160 4201 1199 4278 dc
1226 4201 1317 4278 aliae
1347 4202 1468 4301 plures
1503 4208 1738 4290 Difficultates

119 4326 364 4414 emergerent,
400 4337 423 4390 a
455 4312 637 4413 Proposito
661 4315 823 4392 Abbates
862 4315 1029 4415 quidem,
1075 4344 1150 4397 non
1187 4334 1309 4399 autem
1337 4322 1493 4423 Jssuitae
1523 4326 1739 4411 desistebant.

120 4439 244 4524 Quum
270 4437 368 4512 enim
401 4432 441 4510 hi
466 4432 593 4512 Patres
616 4435 810 4533 plurimum
835 4441 931 4537 apud
956 4441 1153 4539 Georgium
1175 4440 1334 4522 nostrum
1360 4447 1397 4522 tlt
1421 4447 1539 4540 gratu
1563 4452 1603 4529 dr
1626 4456 1739 4532 anuo·

120 4557 230 4635 ritate
256 4557 436 4646 valerent,
491 4568 602 4659 atque
631 4551 740 4657 ipsius
771 4558 869 4657 apud
892 4555 1054 4657 ,ceteros
1090 4563 1280 4655 Abbatea,
1325 4566 1517 4669 praecipue
1550 4577 1648 4675 apud
1681 4568 1738 4651 Pe·

1656 4707 1739 4775 mm

14 4840 19 4847 ·
149 4794 529 4892 dmmffim
