3736 5160
318 138 376 285 a
480 106 491 119 ’
924 207 1342 303 ,mmm

537 376 1135 498 nnuorauro
1218 352 1734 537 Qvnnrrnn

293 670 301 685 ..
319 592 625 687 OFFICIVM
651 590 738 678 DE
765 590 1012 678 SANCTA
1041 593 1242 682 MARIA
1278 591 1394 679 PER
1421 590 1760 680 CIRCVLVM
1784 594 1822 678 A
1867 648 1868 653 Ν

602 734 699 811 DlE
723 733 1028 813 SABBATHI
1051 735 1291 814 DEBEAT
1315 733 1665 815 CELEBRARI.

415 960 449 1034 3.
473 933 613 1011 Notum
634 928 677 1004 ut
711 926 879 1037 omnibus
906 929 1129 1027 presentibus
1162 932 1201 1009 dr
1233 928 1381 1029 posteris
1409 929 1448 1004 in
1479 928 1550 1006 hot
1575 928 1792 1012 Monallerio
1820 932 1862 1010 S;

3 1092 5 1105 ·
52 994 56 1005 Ι
136 1104 154 1115 -
317 1054 488 1142 Martini,
511 1051 572 1131 sub
598 1046 743 1149 spiritali
764 1045 940 1144 regimine
960 1047 1041 1124 Deo
1060 1048 1302 1127 militantibus
1324 1049 1422 1148 quod
1439 1044 1686 1145 rgoBertsuldus
1708 1053 1868 1146 ejrudm

317 1187 362 1257 brl
386 1179 494 1252 Aruas
516 1170 602 1247 licet
628 1166 853 1255 immeritus,
878 1191 963 1244 cum
989 1170 1178 1247 communi
1208 1168 1390 1246 Consensu
1416 1167 1454 1247 δι
1485 1167 1676 1244 voluntate
1705 1183 1814 1268 atque
1853 1185 1868 1237 r

316 1298 392 1377 silio
415 1296 566 1372 fratrum
590 1288 792 1367 nostrorum
821 1287 946 1373 statui,
973 1289 1186 1388 ,modisque
1214 1289 1383 1369 omnibus
1412 1289 1672 1365 obseruandum
1698 1290 1864 1379 decreui,

282 1420 354 1497 =in
378 1414 540 1515 qualibet
564 1409 625 1486 die
653 1406 844 1493 sabbathi,
874 1430 958 1482 curn
984 1407 1111 1485 festum
1143 1432 1215 1484 non
1240 1409 1410 1507 impedit,
1445 1406 1654 1487 miliacum
1681 1408 1843 1487 sollemni

314 1537 391 1622 cio,
416 1534 456 1613 dt
477 1528 720 1609 ministrorum
741 1541 928 1624 apparatu,
967 1527 1014 1603 ob
1046 1524 1318 1605 venerationem
1347 1530 1453 1604 beate
1476 1550 1598 1604 naurs
1622 1527 1772 1624 virginis
1794 1530 1845 1604 ho

312 1657 384 1735 sice
404 1652 620 1735 celebretur,
657 1645 818 1745 quinque
848 1646 961 1724 ofiam
985 1646 1180 1723 luminaria
1210 1648 1466 1725 accendantur.
1539 1645 1692 1723 Arrnnrlo
1714 1648 1753 1743 ⁰)
1779 1648 1837 1725 vel

313 1778 479 1874 adjutore
503 1770 542 1847 in
568 1765 856 1866 Ccppn'Chorum
880 1775 1040 1842 tenente.
1092 1767 1201 1851 Quod
1225 1766 1249 1843 sr
1270 1767 1397 1845 festum
1421 1767 1561 1845 celebre
1584 1766 1773 1852 inciderit,
1811 1781 1853 1845 vt

35 1890 53 1935 '·
196 1866 208 1877 ’
313 1891 514 1978 obseruatio
538 1887 655 1964 teneri
684 1909 760 1962 non
789 1886 911 1985 posint,
953 1886 1042 1964 feria
1064 1888 1124 1966 Vl.
1157 1887 1364 1987 precedenti
1393 1886 1451 1965 vel
1481 1886 1665 1963 dominica
1695 1885 1864 1985 subseque

312 2016 371 2097 vel
399 2014 469 2091 alio
493 2007 625 2109 quouis
648 2005 741 2084 insra
762 2007 1005 2103 ebdomadam
1030 2009 1113 2084 die:
1148 2032 1233 2084 cunr
1261 2007 1488 2083 conueniens
1516 2009 1553 2085 dr
1582 2017 1803 2101 oponunurn
1829 2007 1852 2081 f
1867 2052 1868 2060 κ

312 2159 415 2221 more
444 2131 545 2208 solito
574 2138 774 2227 peragatur.
840 2129 892 2204 Vt
919 2140 1047 2204 autern
1073 2127 1133 2203 die
1169 2128 1304 2205 sabbati
1334 2131 1440 2207 beata
1476 2130 1514 2206 dc
1541 2126 1691 2223 gloriosa
1720 2125 1829 2222 Virgo

311 2260 537 2356 Xpianorum
566 2258 685 2324 mater
709 2242 761 2319 est
784 2246 961 2323 celebrius
978 2246 1197 2339 honoretur,
1237 2272 1311 2345 non
1334 2247 1449 2323 solum
1477 2246 1517 2323 in
1539 2243 1781 2333 monasteriis,
1843 2281 1868 2315 ·.

313 2378 425 2455 etiarn
447 2372 485 2447 in
508 2367 676 2445 omnibus
705 2380 798 2465 pene
823 2364 981 2441 ecclesiis
1005 2366 1181 2473 frequens¹
1197 2369 1234 2445 dr
1260 2366 1406 2443 salubris
1429 2365 1649 2444 consuetudo
1674 2390 1748 2442 non
1778 2362 1854 2442 fine

310 2496 424 2579 tionis
445 2499 658 2589 argumento
683 2485 850 2561 obtinuit.
907 2484 1003 2561 Cum
1028 2485 1110 2561 sane
1138 2485 1211 2561 dici
1240 2487 1344 2585 possit
1367 2489 1405 2566 dr
1433 2484 1532 2562 credi
1562 2507 1608 2559 ea
1641 2484 1701 2560 die
1727 2506 1865 2585 propen

239 2598 242 2603 ¹
308 2620 348 2696 in
372 2613 536 2692 Laudem
563 2605 643 2703 ejus
675 2604 835 2682 fidelium
868 2615 1012 2682 mentes
1042 2603 1192 2680 excitari
1217 2607 1366 2694 debere,
1411 2628 1521 2706 quam
1549 2608 1680 2697 eadem
1709 2602 1798 2678 selix
1819 2626 1868 2681 rnx

310 2742 349 2818 ἃ
371 2733 473 2810 omni
496 2729 604 2805 laude
623 2728 744 2822 digna.
792 2723 910 2819 Cujus
937 2724 1098 2802 animam
1123 2725 1349 2822 pertransruit
1372 2725 1532 2821 gladius,
1561 2722 1784 2800 anariffimis
1815 2739 1864 2800 tr·

213 2934 231 2955 ἐ
308 2858 385 2954 egit
404 2849 585 2935 lacrimis,
607 2857 731 2944 utpote
757 2843 864 2920 unico
889 2843 986 2920 vnid
1006 2844 1071 2922 lilii
1095 2845 1264 2922 destituta
1286 2845 1431 2932 solatio,
1456 2843 1520 2943 qui
1541 2842 1704 2920 animam
1728 2843 1858 2940 quid

305 2964 425 3056 cruce
449 2971 588 3049 dudnln
610 2964 789 3065 posuerat,
812 2956 1000 3040 vulnerato
1026 2976 1150 3044 autem
1172 2968 1210 3045 dr
1232 2965 1388 3041 consollo
1413 2984 1562 3060 corpore
1588 2960 1625 3036 in
1651 2961 1811 3059 sepulcro
1837 2964 1849 3039 i

175 3152 181 3165 ,
304 3096 378 3185 rim
402 3089 616 3192 quiescebat
686 3082 785 3167 Cum
814 3081 924 3177 igitur
955 3083 1014 3180 pie
1036 3084 1177 3160 dicatur
1189 3090 1237 3179 ,dr
1262 3084 1453 3169 credatur,¹
1483 3081 1569 3180 qula
1589 3080 1756 3177 regnauit
1783 3104 1805 3156 a
1833 3080 1868 3166 li,

305 3200 430 3301 Dens,
455 3214 493 3290 dr
517 3207 591 3306 ipsa
607 3200 772 3299 smgrrlari
796 3201 1043 3299 prerogatiua,
1068 3204 1107 3281 ds
1133 3201 1275 3279 meritis
1305 3201 1563 3278 excellentibus
1588 3202 1636 3276 ad
1655 3200 1719 3275 lilii
1740 3199 1861 3279 subli

304 3334 349 3412 srt
367 3333 557 3415 thronum,
580 3348 654 3403 non
681 3321 865 3400 immerito
890 3325 935 3398 ad
965 3320 1045 3418 ejus
1074 3321 1290 3399 ineffabilem
1319 3320 1600 3398 misericordiam
1626 3332 1712 3397 vota
1733 3322 1852 3398 nostra

291 3456 490 3551 'signatum
516 3459 558 3526 vt
579 3467 643 3544 pro
664 3440 776 3519 nobis
800 3440 861 3539 pio
881 3444 920 3520 br
943 3441 1115 3517 clementi
1147 3440 1242 3526 filio,
1267 3441 1327 3515 cui
1348 3440 1443 3538 palio
1472 3439 1510 3516 δι
1532 3453 1678 3515 mortun
1706 3440 1778 3538 ipsa
1804 3441 1864 3519 str.

304 3576 343 3653 lo
363 3583 530 3663 materne
547 3561 749 3659 ¹alietlionis
775 3560 954 3659 compassa
980 3560 1032 3637 est
1059 3561 1098 3638 dr
1126 3570 1354 3636 commortua
1375 3558 1570 3658 supplicare
1594 3559 1781 3655 dignetur,
1821 3564 1861 3640 dr

301 3694 340 3773 se
361 3691 493 3768 intime
514 3685 708 3779 diligentes
735 3679 920 3777 agnoscat,
943 3677 1119 3776 nobisque
1141 3678 1391 3775 peccatoribus
1413 3678 1452 3754 ln
1476 3676 1604 3755 ultimo
1633 3677 1852 3758 neoeffitatis

303 3811 416 3890 tinulo
442 3805 662 3897 lsubueniatr
713 3796 846 3898 quippe
880 3822 991 3898 quarn
1015 3796 1196 3874 Dominus
1224 3796 1390 3876 omniurn
1411 3796 1502 3871 nihil
1523 3819 1660 3893 negans
1684 3797 1851 3876 honorat.

303 3933 380 4012 Sed
408 3924 575 4027 quamuis
620 3922 658 3996 in
686 3919 768 4016 ejus
802 3918 1009 4016 obsequium
1047 3932 1150 3993 totus
1177 3929 1218 3992 vt
1244 3916 1396 4010 dignum
1420 3916 1471 3994 est
1491 3917 1651 3993 mundns
1679 3932 1860 4003 occurrat,

301 4052 471 4130 laudetur
492 4049 536 4121 ab
561 4040 765 4144 hereditate
795 4038 883 4124 Dei,
915 4036 952 4111 in
979 4036 1101 4113 leticia
1130 4034 1252 4131 gentis
1280 4035 1359 4120 sue,
1396 4058 1526 4115 omnes
1554 4036 1743 4112 tamenin
1775 4037 1847 4115 hoc

301 4196 364 4250 cro
384 4170 560 4263 degentes
584 4163 665 4236 loco
688 4157 849 4259 specialis
875 4143 1054 4255 quaedam
1079 4154 1158 4256 spes
1182 4153 1439 4233 &consolatio
1464 4154 1583 4242 fouet,
1616 4153 1791 4253 exipsius
1819 4162 1868 4258 pi

300 4316 362 4372 rne
386 4284 514 4367 matris
538 4280 636 4359 velut
663 4276 834 4355 familiari
852 4273 1076 4371 benignitate
1096 4285 1289 4373 concepta,
1330 4296 1414 4351 curn
1444 4298 1518 4349 non
1545 4258 1697 4353 dubium
1721 4274 1829 4353 habe
1863 4316 1868 4346 .

297 4411 390 4512 quin
410 4403 665 4483 sacrosanctum
690 4396 756 4475 filii
780 4395 833 4473 sui
861 4395 1009 4477 Domini
1038 4393 1147 4471 nollri
1176 4393 1420 4491 Sanguinem,
1444 4391 1563 4497 celesti
1584 4394 1680 4491 apud
1707 4418 1777 4470 nos
1807 4397 1868 4470 di

1793 4514 1867 4591 frti.

301 4786 306 4799 ι
341 4713 376 4795 ο)
398 4705 669 4795 rmrprarnlr'oarrrr
691 4695 803 4774 {berun
820 4692 1017 4783 obscurisque
1033 4695 1092 4767 allo
1111 4696 1168 4765 loro
1187 4690 1292 4784 russas
1312 4695 1521 4781 occurrentium
1542 4691 1625 4780 infra
1644 4693 1789 4765 dobimrm
