3736 5160
669 308 1089 399 αἴθων
1621 323 1688 398 1⁵1
1763 287 1774 307 '

167 480 256 561 Etsi
278 480 470 560 facultates
496 482 678 582 praefatae
703 484 880 560 Ecclesiae
906 485 1006 573 suae,
1034 484 1131 573 Deo,
1156 484 1261 581 eujns
1283 506 1341 561 res
1367 483 1521 581 geritur,
1560 505 1690 559 conce·

91 605 193 686 dente,
225 602 361 679 suerint
391 603 430 679 in
456 603 634 702 posterum
660 616 803 681 tantum
830 616 1104 702 augmentatae,
1142 606 1241 704 quod
1268 607 1314 679 ad
1346 602 1506 680 submissa
1533 604 1690 680 sufficere

87 723 211 821 posint,
232 720 379 799 valeant
405 722 469 820 ipsi
493 723 717 823 Praepositus
737 727 774 804 dc
801 725 1011 823 Capitulum
1039 725 1220 821 ejusmodi
1246 749 1309 825 pro
1335 736 1499 821 tempore
1525 722 1688 798 exsiten-

86 858 149 929 tes,
171 864 288 919 meare
314 844 353 921 u
379 842 548 921 ordinare
570 842 609 918 in
633 846 762 921 eadem
785 844 917 921 Eccles
908 869 942 920 a
968 846 1085 942 Dignst
1086 856 1169 930 oter,
1215 843 1362 937 Personat
1362 868 1400 917 uo
1433 846 1470 923 dr
1498 840 1607 936 Offin'o
1639 841 1688 917 ei·
1765 842 1768 847 '

82 964 154 1039 ilem
177 959 354 1037 Ecclesiae
380 965 418 1040 di
446 962 690 1040 Ecclesiastico
718 964 1118 1064 statuicompedentia,
1151 986 1315 1040 necnon
1343 963 1461 1056 plures
1484 965 1688 1038 &pontionis

45 1085 331 1181 operientur,
373 1083 452 1158 alia
468 1083 609 1182 insuper
631 1084 755 1160 omnia
782 1088 820 1164 di
855 1085 991 1181 ingeila
1016 1086 1148 1162 statuta
1181 1086 1219 1162 dt
1245 1083 1514 1169 ordinationes,
1552 1082 1591 1159 dt
1618 1082 1690 1157 alia

75 1224 312 1303 pmecumque
335 1223 401 1299 per
428 1204 629 1300 praelatum
656 1203 856 1282 Dominum
887 1172 1092 1284 Comitem
1102 1204 1197 1280 circa
1221 1203 1423 1301 praemissa,
1451 1202 1540 1278 alias
1562 1213 1688 1280 tamen

72 1322 134 1399 rite
151 1322 243 1399 fasta
260 1324 296 1401 tr
316 1323 502 1407 ordinata,
530 1323 772 1421 praesentibus
790 1325 980 1423 apostolica
997 1318 1208 1404 austeritate
1228 1324 1503 1411 confirmamus,
1526 1306 1690 1421 apostoli·
1833 1410 1838 1417 ⁸

70 1466 176 1543 coque
202 1441 407 1519 munimine
432 1444 653 1521 roboramus.
692 1445 855 1530 Quorum
889 1447 1105 1523 statutorum
1138 1444 1177 1522 di
1208 1443 1499 1530 ordinationum,
1536 1443 1576 1521 in
1609 1441 1689 1547 qui·

69 1562 129 1640 biis
158 1584 291 1639 omnes
324 1564 362 1641 di
397 1560 552 1659 sngulos
582 1564 761 1651 deicitur,
802 1589 893 1664 quos
927 1568 965 1641 in
1007 1566 1148 1641 eisdem
1188 1562 1437 1640 interuenieise
1468 1561 1689 1659 reperimus,
1769 1641 1772 1645 ,

65 1684 188 1761 eadem
219 1674 448 1760 Austoritate
462 1682 703 1781 suppleuimus
737 1682 1003 1783 &supplemus
1032 1707 1095 1783 per
1122 1683 1332 1782 praesentes·
1358 1695 1505 1762 tenores
1537 1682 1596 1757 his
1621 1704 1688 1756 no·

61 1804 136 1905 ibis
155 1801 293 1888 literis,
328 1802 404 1901 ipso
428 1802 588 1880 Domino
617 1803 764 1881 Comite
784 1804 957 1880 instanter
985 1815 1153 1903 petente,
1200 1806 1248 1879 ad
1279 1814 1489 1903 perpetuam
1523 1801 1577 1878 rei
1612 1822 1689 1878 me·

59 1924 214 2003 monam
238 1920 415 1999 duximus
446 1925 693 2002 annetiendos
717 1924 981 2031 praemissisque
1002 1922 1145 2001 statutis
1176 1926 1214 2003 dr
1243 1922 1534 2004 ordinationibus
1559 1918 1688 2019 adiun-

58 2045 212 2143 gendus·
283 2042 356 2126 Qui
380 2053 526 2121 tenores
553 2043 784 2142 sequuntur
773 2068 812 2122 m
836 2045 930 2121 haec
954 2046 1063 2128 rerba
1088 2044 1279 2125 videlicete

168 2280 295 2360 Statuit
321 2240 448 2381 itaque
479 2281 663 2359 Dominus
692 2284 828 2363 Comes
856 2286 1153 2384 praenominatus
1189 2308 1233 2362 ac
1262 2284 1379 2365 voluit
1411 2286 1450 2365 dr
1485 2280 1685 2379 ordinauit,

67 2402 167 2505 quod
190 2404 343 2481 cedente
372 2402 430 2478 vel
462 2403 663 2479 decedente
701 2406 904 2503 Praeposito
946 2408 1061 2486 distae
1094 2405 1274 2483 Ecclesiae
1311 2408 1362 2482 in·
1383 2406 1686 2482 Bettenbruimen

53 2526 177 2602 ΜΓ
201 2524 372 2623 Proepossti'
401 2522 568 2619 eiusdem
598 2523 777 2603 Ecclesiae
801 2529 848 2604 ad
871 2526 979 2626 ipsius
1003 2527 1183 2605 Ecclesiae
1212 2526 1251 2603 in
1282 2528 1582 2604 Bettenbruimen
1615 2522 1688 2601 Ca·

48 2644 234 2749 pitulum,
284 2646 322 2723 di
357 2642 522 2737 eiusdem
555 2646 722 2741 Praepofiti'
759 2647 954 2742 &afirmotlo
991 2652 1033 2722 od
1062 2649 1229 2724 Doiniiiuiii
1252 2646 1407 2725 moriem
1441 2644 1623 2748 Monofleria'
1651 2649 1686 2717 e'io

40 2766 265 2861 Veieigiirtm
284 2762 423 2839 ordinis
446 2764 569 2842 sanci
594 2766 786 2844 Benediiti
815 2768 930 2846 disice
963 2766 1244 2844 Constantienfis
1272 2765 1452 2844 Dioecefis
1477 2766 1610 2841 debeat
1645 2761 1684 2837 in

14 2934 18 2947 ·
50 2898 166 2963 antea
197 2896 374 2983 perpetuo
405 2906 625 2983 permanere.
700 2886 815 2961 Elebio
834 2910 938 2971 vero,
968 2884 1042 2962 liue
1067 2894 1193 2986 receptio
1219 2889 1257 2966 di
1283 2884 1444 2963 admillio
1467 2889 1686 2959 Conontcoruiu

51 3006 226 3103 eiusdem
248 3002 445 3087 Ecclesae,
490 3004 552 3103 qui
572 3028 700 3082 omnes
725 3005 762 3080 in
789 3004 988 3082 sacerdotio
1027 3009 1163 3085 debent
1186 3008 1255 3083 else
1288 3004 1489 3092 constituti,
1533 3004 1685 3102 ipestaie

52 3124 206 3205 debebit
240 3124 289 3200 ad
314 3122 520 3223 Proepofitoiii
554 3127 592 3203 dc
627 3129 798 3223 Capitulum
829 3124 948 3220 infimos
986 3130 1081 3202 ditior
1114 3127 1270 3221 Ecclefioi.
1349 3122 1567 3222 Cuiusmodi
1606 3122 1686 3222 qui·

10 3226 18 3245 ⁶
52 3247 142 3323 dem
169 3242 375 3323 elestiones
405 3243 516 3321 libere
548 3244 626 3320 fieri
658 3248 793 3323 debent
823 3245 1018 3323 secundum
1041 3248 1180 3347 Deum,
1228 3250 1266 3325 di
1297 3269 1381 3323 cum
1410 3243 1567 3342 puritate
1597 3266 1683 3322 con·

52 3364 254 3451 sciendae,
294 3364 335 3444 dt
361 3364 443 3463 plus
475 3364 595 3460 dignis
626 3368 835 3443 &idoneis
868 3366 1027 3463 personis
1062 3367 1162 3443 omni
1204 3364 1319 3464 specie
1351 3365 1565 3441 simoniacae
1602 3388 1686 3463 pra·

10 3520 13 3577 ς
55 3484 187 3563 vitatis
221 3482 378 3569 semota,
418 3485 632 3562 cessantibus
669 3484 887 3581 quibuslibet
910 3487 1015 3572 odio,
1038 3485 1162 3563 fauore
1180 3488 1298 3583 gratia
1321 3490 1359 3565 u
1385 3486 1532 3572 timore,
1554 3483 1603 3561 lic
1626 3495 1682 3561 ta·

52 3626 140 3683 men
166 3604 265 3703 quod
301 3604 483 3687 celebrata
507 3605 636 3705 quauis
666 3604 840 3684 elestiooe
871 3606 909 3682 di
947 3606 1109 3701 cuiusuis
1146 3606 1312 3699 mnonici
1347 3606 1554 3702 receptione
1593 3630 1682 3683 mox

54 3738 143 3803 mte
175 3704 492 3833 confirmationem
523 3725 582 3800 seu
607 3724 855 3801 admissionem
885 3724 925 3799 in
954 3723 1197 3822 pollelbcnem
1231 3724 1445 3821 hujusmodi
1487 3723 1683 3823 Praepofiti

57 3846 116 3923 rei
136 3840 337 3929 eanonici,
375 3828 439 3943 pei
458 3842 634 3941 eligentes
661 3843 719 3921 vel
745 3843 962 3940 recipientes
987 3846 1206 3941 praetastos,
1244 3844 1396 3943 eoisensus
1428 3843 1519 3943 ipsius
1550 3847 1683 3923 Domini·

61 3964 204 4051 mnis,
245 3962 502 4061 suorumque
489 3984 528 4039 in
556 3963 672 4053 disto,
712 3963 885 4042 Dominio
918 3966 966 4041 ed
996 3964 1169 4042 Sanitum
1211 3965 1381 4040 Mentem
1417 3962 1491 4039 siue
1522 3960 1682 4042 sinedoci

66 4078 132 4159 line
146 4080 347 4183 sumffnuai
369 4092 578 4159 reuerenter
598 4083 801 4181 requiratur
823 4084 863 4161 in
886 4084 958 4160 hac
986 4096 1100 4182 parte.
1168 4081 1331 4182 Praepos
1321 4094 1394 4159 tus
1419 4082 1561 4181 insuper
1584 4088 1683 4183 ejus·

72 4198 146 4279 bem
171 4200 351 4281 Ecclesiae
374 4224 444 4302 pro
464 4212 628 4301 tempore
650 4202 819 4281 exsiliens
847 4205 953 4283 distis
980 4203 1178 4281 Canonicis
1209 4207 1247 4282 u
1273 4200 1460 4299 Capitulo,
1481 4205 1593 4285 veluti
1624 4231 1682 4286 ie·
1752 4302 1756 4307 Ι

78 4336 149 4397 leia
175 4322 364 4419 Primipolr's
386 4323 504 4401 disice
528 4323 727 4415 Ecclesiae,
760 4325 816 4403 vel
840 4326 1053 4403 eorumdem
1081 4327 1179 4423 Caput
1201 4326 1245 4412 θ
1271 4321 1455 4412 aomos,
1496 4323 1536 4399 in
1563 4326 1681 4404 omni·

83 4430 135 4513 bc
152 4442 190 4521 u
217 4440 380 4539 singulis,
403 4443 609 4542 praesertim
634 4444 915 4537 celebrationem
933 4445 1169 4532 Diuincrnm',
1195 4441 1434 4525 di'Diuinum
1460 4441 1599 4524 cultum
1622 4470 1683 4525 re·

91 4552 308 4653 b‘cmtibus,
348 4584 420 4639 nec
440 4586 516 4641 non
547 4564 629 4642 aliis
656 4565 824 4663 ejusdem
848 4564 1026 4645 Ecclefiae
1050 4564 1200 4645 subditis
1228 4564 1416 4663 utriusque
1446 4567 1552 4643 sexus
1578 4592 1683 4666 prae·

10 4802 14 4815 ,
44 4668 144 4836 'tie
163 4680 282 4779 debm
323 4680 365 4763 di
393 4680 600 4769 minonem
628 4688 842 4771 eonmdem
880 4712 987 4769 curan
1023 4681 1223 4790 mitialem
1262 4706 1389 4783 gerere
1424 4687 1462 4766 dr
1498 4708 1681 4836 configere.
