3736 5160
74 204 80 321 l
383 224 1143 322 ··eemx>ee
1701 227 1749 313 ⁶9

146 418 181 493 de
196 408 294 514 ipsus
319 409 485 487 bonitate
507 408 746 487 diffidendum
775 430 848 481 noo
872 408 1057 492 crederet,
1083 429 1192 504 quem
1219 404 1316 502 prius
1342 404 1379 480 in
1405 402 1531 481 multis
1559 410 1668 498 prout
1689 425 1748 480 res

74 508 80 655 ᾗ
146 536 283 630 exigebat
308 532 505 627 propitium
530 529 593 605 fibi
619 531 656 607 dr
681 525 878 621 benignum
901 526 1053 603 senserat
1073 526 1286 621 adjutorem.
1338 527 1461 624 ltaque
1484 546 1630 600 omnem
1657 524 1747 619 post·
1804 581 1807 585 -

74 658 80 719 ².
148 674 262 753 ponens
285 650 503 725 dilutionem
522 652 567 724 ad
584 645 814 741 reedificandam
835 648 977 740 munem
1001 644 1146 740 notescam
1176 645 1211 720 se
1234 644 1436 722 constanter
1463 644 1637 727 accinxit,
1664 636 1745 719 'boc

74 756 77 777 ¹
146 774 238 849 lecum
263 792 339 844 uon
372 768 621 864 imprudenter
657 779 829 864 reputans
854 754 982 841 omnia
1005 764 1203 863 prepostere
1235 766 1273 843 dr
1308 764 1433 840 frustra
1463 764 1538 859 agi,
1591 763 1616 837 si
1649 762 1745 839 sacer

74 894 79 981 ξ
146 888 237 968 lacus
262 887 506 983 negligeretur
531 885 592 968 vbi
620 885 721 961 Deus
745 885 878 982 placari
896 878 1092 961 debuisset.
1156 887 1236 962 Nec
1260 884 1389 960 fefellit
1408 906 1494 960 eum
1519 884 1610 961 sides
1633 905 1755 981 quarn,

74 1036 83 1143 g
145 1006 371 1085 indominum
397 1006 572 1091 habebat,
611 1003 744 1102 quippe
771 1007 833 1103 qui
870 1016 1013 1081 tantam
1051 1019 1202 1103 tamque
1236 1003 1463 1102 inopinatam
1501 1016 1655 1078 conatus
1691 1000 1744 1079 sui
1793 1076 1796 1080 .

74 1146 78 1239 j
142 1128 240 1203 diuino
268 1148 424 1201 munere
458 1125 674 1199 consecutus
708 1125 758 1200 est
780 1124 997 1210 efficaciam,
1023 1137 1064 1204 vt
1091 1125 1177 1218 infra
1200 1133 1294 1199 onius
1315 1131 1389 1198 anni
1407 1124 1546 1219 spatium
1572 1122 1742 1198 machina
1779 1226 1783 1230 ι

74 1248 89 1297 't
138 1244 237 1342 templi
269 1256 456 1341 reparata,
479 1242 518 1320 dr
545 1241 656 1320 Alteri
679 1243 922 1320 decentiffime
944 1244 1142 1331 collocato,
1183 1242 1309 1319 diuina
1336 1242 1374 1317 in
1404 1266 1450 1317 eo
1479 1241 1651 1338 mysteria
1677 1240 1742 1316 sol·

131 1362 282 1440 breuiter
302 1362 577 1439 celebrarentur.
649 1362 802 1461 Voxque
828 1363 1063 1438 exultationis
1097 1367 1134 1441 dr
1167 1362 1282 1439 letitie
1318 1370 1400 1437 inter
1427 1363 1577 1447 onduslor
1606 1370 1742 1457 pannas

128 1507 181 1561 ron
203 1483 284 1559 sine
314 1506 451 1595 magno
477 1482 729 1577 gratulationis
758 1482 917 1582 tripudio
947 1482 1159 1579 personaret.
1228 1483 1276 1557 Et
1310 1481 1374 1581 qui
1411 1480 1510 1578 prius
1541 1480 1743 1555 incinerata

125 1606 311 1683 basiorum
339 1602 411 1677 ossa
435 1625 520 1678 curn
546 1603 670 1678 dolore
699 1602 925 1699 aspexerant,
965 1625 1063 1677 nunc
1090 1625 1174 1678 cum
1204 1603 1446 1682 sacras-edes
1476 1599 1602 1675 diuino
1627 1597 1742 1674 cultui

120 1724 294 1801 astutas
313 1733 530 1831 cernerent,
560 1722 788 1808 exsultabant,
814 1745 883 1796 nec
907 1731 1052 1796 tantum
1076 1720 1245 1816 indigene
1265 1721 1324 1797 sed
1350 1720 1462 1796 etiam
1485 1717 1593 1794 multi
1616 1718 1663 1792 de
1690 1740 1741 1790 re-

114 1843 635 1938 nen'parrilnsaduentantes
664 1842 829 1920 effessum
853 1838 990 1916 celestis
1021 1840 1187 1917 bedesrcii
1214 1840 1457 1927 mirabantur,
1493 1837 1636 1914 debitas
1662 1835 1740 1911 Au·

113 1964 195 2041 llari
220 1964 263 2041 dt
288 1960 427 2037 fautori
450 1961 616 2038 omnium
648 1962 823 2039 bonorum
852 1960 934 2035 Deo
963 1959 1098 2053 gratias
1126 1959 1353 2036 exhibentes.
1417 1963 1567 2052 Campmr
1592 1956 1740 2031 interim

115 2082 152 2159 dt
165 2081 299 2182 saulieu
324 2102 412 2156 cum
441 2083 588 2153 temtans
615 2083 657 2166 (ς’
678 2084 807 2176 pluam
832 2079 983 2176 aliisque
1006 2080 1116 2168 ecclesa
1132 2086 1317 2153 momentis
1342 2081 1573 2175 aptabuntur,
1600 2077 1742 2173 insuper

121 2182 254 2275 omues
274 2196 381 2293 officim
409 2203 541 2301 sinnstrr'
561 2196 738 2274 Altioribus
759 2225 848 2296 quam
873 2205 963 2294 prius
988 2196 1121 2290 fernam
1153 2207 1253 2274 muris
1272 2210 1360 2295 nsque
1380 2197 1504 2293 adfinis
1532 2200 1740 2291 consauciare·

124 2330 195 2405 tur,
218 2316 327 2394 tacite
347 2341 436 2397 vero
461 2331 580 2395 totum
610 2307 770 2394 memorati
789 2326 892 2414 pato's
920 2319 1015 2411 nostri
1037 2320 1082 2395 ad
1113 2318 1208 2394 hanc
1230 2311 1407 2395 summam
1435 2319 1608 2394 tendebat
1641 2304 1741 2411 inge·

122 2438 212 2515 rium
245 2448 288 2515 rt
312 2436 413 2514 sacer
442 2438 544 2513 locus
569 2437 755 2534 pontificalis
788 2438 975 2534 susciperet
993 2443 1201 2515 derelictionis
1226 2439 1545 2536 complementum.
1604 2435 1740 2512 Arcius
1838 2488 1842 2495 ,

123 2560 278 2654 (unns)
319 2570 445 2633 autem
476 2557 624 2632 instabat
648 2558 722 2651 jugi
754 2558 987 2635 sollicitudine
1015 2559 1177 2647 estuans,
1216 2571 1256 2635 vt
1290 2558 1361 2633 hoc
1384 2566 1434 2645 liar
1461 2560 1737 2660 ndiainissrrttom's

125 2662 387 2779 lenprre'fieret,
423 2676 632 2772 precipuum
657 2674 717 2751 sr'ri
746 2678 783 2753 dr
814 2678 911 2753 inter
942 2679 1032 2753 alios
1059 2678 1200 2754 labores
1227 2677 1345 2773 magis
1371 2678 1598 2755 meritorium
1621 2673 1739 2750 existi·
1805 2710 1814 2719 ·
1848 2720 1851 2727 ·

130 2812 235 2884 nans,
267 2793 293 2869 fi
316 2793 496 2890 templum
523 2796 595 2867 Dei
617 2799 676 2891 ipsi
695 2808 886 2891 nomenante
907 2798 1030 2872 debito
1051 2797 1278 2892 insigniretur
1302 2799 1458 2885 honore,
1492 2799 1563 2872 sine
1589 2821 1661 2895 quo
1684 2819 1739 2869 re·

132 2911 207 3011 liqna
228 2910 363 3013 quibus
382 2912 571 2988 insudabat
591 2914 787 2989 absolutam
806 2914 937 2993 habere
959 2906 1030 2991 non
1053 2928 1220 3012 poteraut
1241 2916 1506 3012 perfectionem.
1553 2918 1627 2993 Sed
1653 2915 1740 3011 quia

136 3034 302 3110 dubitabat
327 3057 374 3108 ao
399 3033 531 3130 aliquid
558 3038 594 3106 dr
623 3040 759 3128 reliqniis
783 3037 875 3109 Beati
898 3058 1062 3110 Mancini
1095 3034 1282 3133 superesset
1311 3053 1405 3133 quae
1434 3037 1471 3111 in
1501 3043 1661 3134 principali
1690 3039 1738 3107 al·
1769 3076 1772 3083 ·

74 3178 76 3241 3
137 3163 182 3229 sui
202 3153 372 3254 deperisse
400 3155 627 3250 putabantur.
684 3152 826 3227 Saniori
848 3155 996 3230 tandem
1021 3153 1101 3230 vsus
1127 3154 1290 3238 consilio,
1328 3154 1423 3232 misit
1456 3157 1645 3250 adsereret
1664 3149 1739 3227 Au·

74 3266 76 3275 '
136 3275 222 3365 gierfis
237 3276 274 3371 a.)
303 3275 415 3347 corobxs
438 3272 496 3347 vbi
522 3296 593 3346 non
619 3271 798 3347 modicam
827 3274 874 3347 de
898 3279 1005 3349 endem
1028 3280 1161 3367 reliqniis
1184 3282 1349 3370 pontonem
1378 3284 1523 3351 rontium·
1551 3276 1739 3363 audierat,

137 3389 199 3487 ipss
220 3414 304 3469 cum
335 3392 451 3469 multa
478 3390 686 3465 deuotionis
711 3391 878 3467 instantia
911 3392 1109 3490 supplicans
1139 3403 1179 3466 vt
1213 3391 1369 3468 srateme
1395 3396 1556 3470 caritatis
1577 3395 1736 3479 intuitu,

136 3520 194 3590 uu
216 3512 353 3589 tristem
380 3512 538 3608 supplere
564 3511 744 3587 desertum
773 3512 1015 3604 dignarentur.
1062 3511 1168 3594 Quod
1191 3524 1230 3587 vt
1255 3512 1395 3588 sacilius
1417 3516 1596 3592 obtineret
1616 3522 1737 3593 litteras
1803 3538 1809 3545 ·

136 3640 169 3701 n's
185 3644 246 3707 tom
272 3656 312 3708 rx
324 3634 388 3729 sua
415 3655 505 3726 piram
528 3639 625 3706 socius
645 3636 758 3723 collegii
787 3640 876 3725 pule
892 3632 1033 3723 subtuli
1061 3641 1161 3704 tenere
1183 3634 1308 3706 direxit.
1356 3633 1389 3710 V
1391 3644 1406 3708 t
1426 3633 1451 3707 fi
1472 3646 1617 3730 optatus
1640 3616 1742 3709 votis

136 3750 241 3830 nostris
268 3752 474 3849 proueniret
495 3747 659 3833 effebus,
685 3761 897 3842 perpetuum
920 3750 1026 3824 uobis
1052 3750 1263 3825 memoriale
1291 3752 1411 3838 fieret,
1446 3779 1518 3852 quo
1539 3754 1633 3851 ipsos
1659 3765 1737 3828 tarn

101 3916 107 3923 -
137 3866 162 3943 in
185 3872 405 3947 orationibus
433 3891 542 3966 quam
570 3868 605 3942 in
633 3866 714 3940 aliis
738 3864 932 3942 fideliffime
957 3870 1134 3944 societatis
1160 3874 1196 3948 dr
1229 3873 1389 3947 amicitie
1422 3874 1549 3949 ollrciis
1584 3877 1620 3950 tir
1650 3870 1736 3945 alse-
1778 3928 1785 3937 .

96 4062 104 4071 .
137 3988 229 4065 dibus
251 3990 459 4067 Karillirnos
486 3988 623 4083 semper
645 3985 779 4060 habere
804 3985 1028 4064 deberemus.
1078 3988 1148 4070 Qui
1171 3993 1329 4088 acceptis
1350 3992 1481 4087 litteris
1507 4017 1592 4070 cum
1613 3992 1735 4073 secum

137 4106 385 4192 deliberassent,
431 4107 566 4203 diuque
599 4100 821 4179 reinstautes-
842 4103 1036 4182 hesitarent
1066 4107 1154 4203 quid
1195 4111 1312 4185 lacere
1347 4111 1499 4199 vellent,
1544 4114 1735 4213 indiguum

138 4219 319 4317 iudicantes
345 4226 495 4303 tandem
523 4222 549 4297 st
573 4221 735 4299 oblatum
762 4222 919 4300 fraterne
942 4226 1149 4302 deuotionis
1164 4230 1368 4327 obsequium
1386 4230 1550 4327 spernere
1571 4238 1736 4314 videren-

116 4352 198 4433 tur,
223 4348 356 4444 pr‘ritrle
365 4345 462 4440 fedus
482 4342 574 4418 inire
598 4339 787 4417 nobiscum
813 4341 874 4419 sub
898 4344 961 4420 tali
985 4348 1084 4440 patto
1110 4350 1366 4436 decreuerunt,
1390 4365 1430 4428 vt
1452 4355 1638 4431 mediante
1657 4368 1734 4435 tam
1849 4360 1856 4371 ¹

140 4468 312 4543 reuerende
343 4460 536 4541 sanslitatis
570 4482 720 4538 munere
744 4458 900 4556 specialis
937 4466 1084 4561 &pura
1105 4469 1234 4548 intime
1260 4471 1421 4549 caritatis
1454 4476 1603 4554 societas
1640 4478 1734 4567 inter

1017 4584 1079 4683 13
1525 4608 1528 4612 “
1664 4623 1735 4677 uos

74 4766 81 4811 f.
168 4712 194 4797 ⁹)
211 4694 267 4784 Ad
282 4666 427 4803 Argum*
442 4711 561 4781 datum
580 4710 669 4798 vulgo
689 4706 863 4783 naeinam
