<?xml version="1.0" encoding="UTF-8"?>
<!DOCTYPE html PUBLIC "-//W3C//DTD XHTML 1.0 Transitional//EN"
    "http://www.w3.org/TR/xhtml1/DTD/xhtml1-transitional.dtd">
<html xmlns="http://www.w3.org/1999/xhtml" xml:lang="en" lang="en">
 <head>
  <title>
</title>
<meta http-equiv="Content-Type" content="text/html;charset=utf-8" />
  <meta name='ocr-system' content='tesseract 3.04.00' />
  <meta name='ocr-capabilities' content='ocr_page ocr_carea ocr_par ocr_line ocrx_word'/>
</head>
<body>
  <div class='ocr_page' id='page_1' title='image "./prodromusmonume01hessgoog_0480.png"; bbox 0 0 3736 5160; ppageno 0'>
   <div class='ocr_carea' id='block_1_1' title="bbox 479 170 1782 343">
    <p class='ocr_par' dir='ltr' id='par_1_1' title="bbox 479 170 1782 343">
     <span class='ocr_line' id='line_1_1' title="bbox 479 170 1782 343; baseline 0.001 -41"><span class='ocrx_word' id='word_1_1' title='bbox 479 170 482 175; x_wconf 28' lang='lat'>⁵</span> <span class='ocrx_word' id='word_1_2' title='bbox 645 202 1067 302; x_wconf 54' lang='lat' dir='ltr'>emme</span> <span class='ocrx_word' id='word_1_3' title='bbox 1598 186 1782 343; x_wconf 35' lang='lat' dir='ltr'>asos</span> 
     </span>
    </p>
   </div>
   <div class='ocr_carea' id='block_1_2' title="bbox 87 382 1673 1323">
    <p class='ocr_par' dir='ltr' id='par_1_2' title="bbox 87 382 1673 1323">
     <span class='ocr_line' id='line_1_2' title="bbox 88 382 1671 497; baseline 0.009 -35"><span class='ocrx_word' id='word_1_4' title='bbox 88 387 174 465; x_wconf 82' lang='lat' dir='ltr'>lune</span> <span class='ocrx_word' id='word_1_5' title='bbox 195 385 320 463; x_wconf 85' lang='lat' dir='ltr'>saltem</span> <span class='ocrx_word' id='word_1_6' title='bbox 344 406 482 470; x_wconf 80' lang='lat' dir='ltr'>annor.</span> <span class='ocrx_word' id='word_1_7' title='bbox 508 382 567 463; x_wconf 76' lang='lat' dir='ltr'>rel</span> <span class='ocrx_word' id='word_1_8' title='bbox 593 382 708 485; x_wconf 77' lang='lat' dir='ltr'>reque</span> <span class='ocrx_word' id='word_1_9' title='bbox 729 387 819 493; x_wconf 82' lang='lat' dir='ltr'>dum</span> <span class='ocrx_word' id='word_1_10' title='bbox 847 387 1009 466; x_wconf 85' lang='lat' dir='ltr'>radicem</span> <span class='ocrx_word' id='word_1_11' title='bbox 1045 386 1207 465; x_wconf 82' lang='lat' dir='ltr'>restituta</span> <span class='ocrx_word' id='word_1_12' title='bbox 1237 388 1478 497; x_wconf 82' lang='lat' dir='ltr'>obsemaotia·</span> <span class='ocrx_word' id='word_1_13' title='bbox 1499 393 1671 480; x_wconf 80' lang='lat' dir='ltr'>firmarit.</span> 
     </span>
     <span class='ocr_line' id='line_1_3' title="bbox 88 506 1673 605; baseline 0.007 -26"><span class='ocrx_word' id='word_1_14' title='bbox 88 506 208 586; x_wconf 69' lang='lat' dir='ltr'>offella</span> <span class='ocrx_word' id='word_1_15' title='bbox 232 517 400 604; x_wconf 85' lang='lat' dir='ltr'>paterno,</span> <span class='ocrx_word' id='word_1_16' title='bbox 425 528 535 603; x_wconf 88' lang='lat' dir='ltr'>quem</span> <span class='ocrx_word' id='word_1_17' title='bbox 562 528 646 602; x_wconf 82' lang='lat' dir='ltr'>erga</span> <span class='ocrx_word' id='word_1_18' title='bbox 674 507 760 583; x_wconf 89' lang='lat' dir='ltr'>sacri</span> <span class='ocrx_word' id='word_1_19' title='bbox 789 506 930 583; x_wconf 74' lang='lat' dir='ltr'>ordinis</span> <span class='ocrx_word' id='word_1_20' title='bbox 957 507 1247 587; x_wconf 84' lang='lat' dir='ltr'>aedificationem</span> <span class='ocrx_word' id='word_1_21' title='bbox 1273 511 1384 605; x_wconf 82' lang='lat' dir='ltr'>gerit,</span> <span class='ocrx_word' id='word_1_22' title='bbox 1417 513 1464 590; x_wconf 91' lang='lat' dir='ltr'>ad</span> <span class='ocrx_word' id='word_1_23' title='bbox 1492 513 1673 599; x_wconf 56' lang='lat' dir='ltr'>ilionalles</span> 
     </span>
     <span class='ocr_line' id='line_1_4' title="bbox 87 622 1671 722; baseline 0.006 -21"><span class='ocrx_word' id='word_1_24' title='bbox 87 627 175 702; x_wconf 75' lang='lat' dir='ltr'>inm</span> <span class='ocrx_word' id='word_1_25' title='bbox 195 622 438 701; x_wconf 77' lang='lat' dir='ltr'>Lamnacene</span> <span class='ocrx_word' id='word_1_26' title='bbox 466 624 618 718; x_wconf 85' lang='lat' dir='ltr'>dirigere</span> <span class='ocrx_word' id='word_1_27' title='bbox 644 650 716 701; x_wconf 90' lang='lat' dir='ltr'>non</span> <span class='ocrx_word' id='word_1_28' title='bbox 742 625 967 722; x_wconf 79' lang='lat' dir='ltr'><strong>dedignetur.</strong></span> <span class='ocrx_word' id='word_1_29' title='bbox 1025 627 1123 704; x_wconf 88' lang='lat' dir='ltr'>Olim</span> <span class='ocrx_word' id='word_1_30' title='bbox 1155 630 1192 705; x_wconf 84' lang='lat' dir='ltr'>dr</span> <span class='ocrx_word' id='word_1_31' title='bbox 1218 628 1336 706; x_wconf 76' lang='lat' dir='ltr'>frusta</span> <span class='ocrx_word' id='word_1_32' title='bbox 1366 631 1671 714; x_wconf 86' lang='lat' dir='ltr'>Reuerendislima</span> 
     </span>
     <span class='ocr_line' id='line_1_5' title="bbox 87 743 1668 839; baseline 0.008 -20"><span class='ocrx_word' id='word_1_33' title='bbox 87 743 283 820; x_wconf 65' lang='lat' dir='ltr'>inanitas</span> <span class='ocrx_word' id='word_1_34' title='bbox 312 744 426 822; x_wconf 84' lang='lat' dir='ltr'>vellra</span> <span class='ocrx_word' id='word_1_35' title='bbox 455 745 643 839; x_wconf 82' lang='lat' dir='ltr'>gaudebit,</span> <span class='ocrx_word' id='word_1_36' title='bbox 676 748 718 823; x_wconf 80' lang='lat' dir='ltr'>‘dr</span> <span class='ocrx_word' id='word_1_37' title='bbox 747 768 821 821; x_wconf 80' lang='lat' dir='ltr'>vna</span> <span class='ocrx_word' id='word_1_38' title='bbox 851 768 996 821; x_wconf 87' lang='lat' dir='ltr'>mecum</span> <span class='ocrx_word' id='word_1_39' title='bbox 1026 746 1352 824; x_wconf 78' lang='lat' dir='ltr'>Reuerendiffimue</span> <span class='ocrx_word' id='word_1_40' title='bbox 1387 749 1568 827; x_wconf 85' lang='lat' dir='ltr'><strong>Dominus</strong></span> <span class='ocrx_word' id='word_1_41' title='bbox 1595 755 1668 832; x_wconf 85' lang='lat' dir='ltr'>Ab·</span> 
     </span>
     <span class='ocr_line' id='line_1_6' title="bbox 87 862 1670 951; baseline 0.008 -14"><span class='ocrx_word' id='word_1_42' title='bbox 87 886 144 939; x_wconf 79' lang='lat' dir='ltr'>aaa</span> <span class='ocrx_word' id='word_1_43' title='bbox 180 862 431 939; x_wconf 79' lang='lat' dir='ltr'>Lambacensrs</span> <span class='ocrx_word' id='word_1_44' title='bbox 466 876 610 940; x_wconf 83' lang='lat' dir='ltr'>tantum</span> <span class='ocrx_word' id='word_1_45' title='bbox 645 865 808 940; x_wconf 85' lang='lat' dir='ltr'>fauorem</span> <span class='ocrx_word' id='word_1_46' title='bbox 839 876 1007 939; x_wconf 81' lang='lat' dir='ltr'>aeternae</span> <span class='ocrx_word' id='word_1_47' title='bbox 1042 868 1239 943; x_wconf 85' lang='lat' dir='ltr'>memoriae</span> <span class='ocrx_word' id='word_1_48' title='bbox 1266 867 1496 946; x_wconf 82' lang='lat' dir='ltr'>consecrabit.</span> <span class='ocrx_word' id='word_1_49' title='bbox 1570 875 1670 951; x_wconf 79' lang='lat' dir='ltr'>Deua</span> 
     </span>
     <span class='ocr_line' id='line_1_7' title="bbox 87 968 1669 1072; baseline 0.008 -13"><span class='ocrx_word' id='word_1_50' title='bbox 87 981 120 1059; x_wconf 70' lang='lat' dir='ltr'>J.</span> <span class='ocrx_word' id='word_1_51' title='bbox 143 982 195 1059; x_wconf 84' lang='grc' dir='ltr'>Μ.</span> <span class='ocrx_word' id='word_1_52' title='bbox 222 968 565 1059; x_wconf 78' lang='lat' dir='ltr'>Reuerenditsimam</span> <span class='ocrx_word' id='word_1_53' title='bbox 598 983 861 1060; x_wconf 80' lang='lat' dir='ltr'>Patamitatem</span> <span class='ocrx_word' id='word_1_54' title='bbox 893 983 1062 1061; x_wconf 80' lang='lat' dir='ltr'>veſtram·</span> <span class='ocrx_word' id='word_1_55' title='bbox 1080 984 1150 1061; x_wconf 78' lang='lat' dir='ltr'>suia</span> <span class='ocrx_word' id='word_1_56' title='bbox 1185 988 1224 1064; x_wconf 84' lang='lat' dir='ltr'>dr</span> <span class='ocrx_word' id='word_1_57' title='bbox 1243 987 1287 1062; x_wconf 77' lang='lat'>8.</span> <span class='ocrx_word' id='word_1_58' title='bbox 1314 978 1455 1063; x_wconf 85' lang='lat' dir='ltr'>Ordini¹</span> <span class='ocrx_word' id='word_1_59' title='bbox 1477 989 1669 1072; x_wconf 85' lang='lat' dir='ltr'>diutissime</span> 
     </span>
     <span class='ocr_line' id='line_1_8' title="bbox 87 1099 1664 1209; baseline 0.008 -31"><span class='ocrx_word' id='word_1_60' title='bbox 87 1102 262 1178; x_wconf 76' lang='lat' dir='ltr'>noseruet</span> <span class='ocrx_word' id='word_1_61' title='bbox 291 1099 521 1179; x_wconf 81' lang='lat' dir='ltr'>incolumem</span> <span class='ocrx_word' id='word_1_62' title='bbox 583 1100 701 1178; x_wconf 81' lang='lat' dir='ltr'>Datne</span> <span class='ocrx_word' id='word_1_63' title='bbox 730 1101 927 1199; x_wconf 80' lang='lat' dir='ltr'>salisburgi</span> <span class='ocrx_word' id='word_1_64' title='bbox 954 1104 1001 1178; x_wconf 90' lang='lat' dir='ltr'>ad</span> <span class='ocrx_word' id='word_1_65' title='bbox 1019 1102 1069 1179; x_wconf 82' lang='lat' dir='ltr'>S.</span> <span class='ocrx_word' id='word_1_66' title='bbox 1092 1103 1241 1180; x_wconf 91' lang='lat' dir='ltr'>Petrum</span> <span class='ocrx_word' id='word_1_67' title='bbox 1272 1103 1343 1181; x_wconf 84' lang='lat' dir='ltr'>Ao.</span> <span class='ocrx_word' id='word_1_68' title='bbox 1380 1113 1484 1204; x_wconf 74' lang='lat'>1⁶34</span> <span class='ocrx_word' id='word_1_69' title='bbox 1520 1109 1607 1209; x_wconf 76' lang='lat' dir='ltr'>Dec.</span> <span class='ocrx_word' id='word_1_70' title='bbox 1631 1136 1664 1192; x_wconf 82' lang='lat'>2.</span> 
     </span>
     <span class='ocr_line' id='line_1_9' title="bbox 87 1219 1570 1323; baseline 0.003 -23"><span class='ocrx_word' id='word_1_71' title='bbox 87 1219 403 1300; x_wconf 74' lang='lat' dir='ltr'>ueneruuffimae</span> <span class='ocrx_word' id='word_1_72' title='bbox 424 1243 468 1299; x_wconf 84' lang='lat' dir='ltr'>ac</span> <span class='ocrx_word' id='word_1_73' title='bbox 484 1220 733 1322; x_wconf 77' lang='lat' dir='ltr'>Amplffimre</span> <span class='ocrx_word' id='word_1_74' title='bbox 749 1220 1020 1300; x_wconf 80' lang='lat' dir='ltr'>Dominationie</span> <span class='ocrx_word' id='word_1_75' title='bbox 1047 1222 1182 1300; x_wconf 84' lang='lat' dir='ltr'>vestrae</span> <span class='ocrx_word' id='word_1_76' title='bbox 1209 1223 1347 1300; x_wconf 74' lang='lat' dir='ltr'>Seruus</span> <span class='ocrx_word' id='word_1_77' title='bbox 1362 1238 1570 1323; x_wconf 88' lang='lat' dir='ltr'>perpetuus.</span> 
     </span>
    </p>
   </div>
   <div class='ocr_carea' id='block_1_3' title="bbox 922 1423 1560 1516">
    <p class='ocr_par' dir='ltr' id='par_1_3' title="bbox 922 1423 1560 1516">
     <span class='ocr_line' id='line_1_10' title="bbox 922 1423 1560 1516; baseline 0.014 -25"><span class='ocrx_word' id='word_1_78' title='bbox 922 1423 960 1492; x_wconf 76' lang='lat' dir='ltr'>r.</span> <span class='ocrx_word' id='word_1_79' title='bbox 992 1424 1290 1502; x_wconf 70' lang='lat' dir='ltr'>rannerus,</span> <span class='ocrx_word' id='word_1_80' title='bbox 1317 1426 1421 1495; x_wconf 69' lang='lat' dir='ltr'>Ana</span> <span class='ocrx_word' id='word_1_81' title='bbox 1442 1430 1560 1516; x_wconf 66' lang='lat' dir='ltr'>upra.</span> 
     </span>
    </p>
   </div>
   <div class='ocr_carea' id='block_1_4' title="bbox 87 1676 1832 1914">
    <p class='ocr_par' dir='ltr' id='par_1_4' title="bbox 87 1676 1832 1914">
     <span class='ocr_line' id='line_1_11' title="bbox 136 1676 1832 1793; baseline 0.002 -21"><span class='ocrx_word' id='word_1_82' title='bbox 136 1691 292 1793; x_wconf 82' lang='lat' dir='ltr'>Vtrique</span> <span class='ocrx_word' id='word_1_83' title='bbox 315 1714 426 1791; x_wconf 84' lang='lat' dir='ltr'>prope</span> <span class='ocrx_word' id='word_1_84' title='bbox 455 1692 495 1770; x_wconf 84' lang='lat' dir='ltr'>in</span> <span class='ocrx_word' id='word_1_85' title='bbox 517 1692 672 1773; x_wconf 84' lang='lat' dir='ltr'>eandem</span> <span class='ocrx_word' id='word_1_86' title='bbox 701 1689 919 1770; x_wconf 82' lang='lat' dir='ltr'>sententiam</span> <span class='ocrx_word' id='word_1_87' title='bbox 949 1690 1354 1790; x_wconf 77' lang='lat' dir='ltr'>rescripsrtl&#39;ranciscaa</span> <span class='ocrx_word' id='word_1_88' title='bbox 1384 1693 1509 1773; x_wconf 77' lang='lat' dir='ltr'>Anbar</span> <span class='ocrx_word' id='word_1_89' title='bbox 1537 1694 1667 1776; x_wconf 69' lang='lat' dir='ltr'>noste.</span> <span class='ocrx_word' id='word_1_90' title='bbox 1818 1676 1832 1715; x_wconf 85' lang='lat'><em>&#39;</em></span> 
     </span>
     <span class='ocr_line' id='line_1_12' title="bbox 87 1810 1809 1914; baseline -0.002 -23"><span class='ocrx_word' id='word_1_91' title='bbox 87 1810 262 1914; x_wconf 71' lang='lat' dir='ltr'>ouacmst</span> <span class='ocrx_word' id='word_1_92' title='bbox 291 1813 364 1887; x_wconf 86' lang='lat' dir='ltr'>hoc</span> <span class='ocrx_word' id='word_1_93' title='bbox 386 1825 535 1889; x_wconf 81' lang='lat' dir='ltr'>tenore:</span> <span class='ocrx_word' id='word_1_94' title='bbox 1805 1838 1809 1846; x_wconf 92' lang='lat'>·</span> 
     </span>
    </p>
   </div>
   <div class='ocr_carea' id='block_1_5' title="bbox 137 2004 1756 2126">
    <p class='ocr_par' dir='ltr' id='par_1_5' title="bbox 137 2004 1756 2126">
     <span class='ocr_line' id='line_1_13' title="bbox 137 2004 1756 2126; baseline 0.004 -25"><span class='ocrx_word' id='word_1_95' title='bbox 137 2028 473 2116; x_wconf 67' lang='lat' dir='ltr'>„neueoenumme</span> <span class='ocrx_word' id='word_1_96' title='bbox 489 2039 560 2104; x_wconf 73' lang='lat' dir='ltr'>ete</span> <span class='ocrx_word' id='word_1_97' title='bbox 583 2029 806 2126; x_wconf 71' lang='lat' dir='ltr'>nteoepae</span> <span class='ocrx_word' id='word_1_98' title='bbox 837 2049 884 2102; x_wconf 71' lang='lat' dir='ltr'>an</span> <span class='ocrx_word' id='word_1_99' title='bbox 917 2025 1100 2121; x_wconf 62' lang='lat' dir='ltr'>nagreae</span> <span class='ocrx_word' id='word_1_100' title='bbox 1139 2025 1184 2102; x_wconf 79' lang='lat' dir='ltr'>n</span> <span class='ocrx_word' id='word_1_101' title='bbox 1217 2025 1256 2102; x_wconf 82' lang='lat' dir='ltr'>e.</span> <span class='ocrx_word' id='word_1_102' title='bbox 1288 2027 1333 2105; x_wconf 86' lang='lat' dir='ltr'>v.</span> <span class='ocrx_word' id='word_1_103' title='bbox 1361 2049 1449 2105; x_wconf 73' lang='lat' dir='ltr'>eum</span> <span class='ocrx_word' id='word_1_104' title='bbox 1488 2004 1681 2123; x_wconf 69' lang='lat' dir='ltr'>aaronem</span> <span class='ocrx_word' id='word_1_105' title='bbox 1753 2093 1756 2097; x_wconf 93' lang='lat'>.</span> 
     </span>
    </p>
   </div>
   <div class='ocr_carea' id='block_1_6' title="bbox 86 2144 1826 2245">
    <p class='ocr_par' dir='ltr' id='par_1_6' title="bbox 86 2144 1826 2245">
     <span class='ocr_line' id='line_1_14' title="bbox 86 2144 1826 2245; baseline 0.002 -23"><span class='ocrx_word' id='word_1_106' title='bbox 86 2146 369 2223; x_wconf 69' lang='lat' dir='ltr'>deuereodiffimi</span> <span class='ocrx_word' id='word_1_107' title='bbox 390 2144 547 2224; x_wconf 80' lang='lat' dir='ltr'>Abbatie</span> <span class='ocrx_word' id='word_1_108' title='bbox 568 2145 845 2242; x_wconf 77' lang='lat' dir='ltr'>salisburgeofis</span> <span class='ocrx_word' id='word_1_109' title='bbox 865 2145 1043 2233; x_wconf 73' lang='lat' dir='ltr'>Litterae,</span> <span class='ocrx_word' id='word_1_110' title='bbox 1065 2169 1159 2245; x_wconf 89' lang='lat' dir='ltr'>quas</span> <span class='ocrx_word' id='word_1_111' title='bbox 1181 2153 1238 2224; x_wconf 78' lang='lat'>26.</span> <span class='ocrx_word' id='word_1_112' title='bbox 1261 2145 1482 2223; x_wconf 73' lang='lat' dir='ltr'>Nouembris</span> <span class='ocrx_word' id='word_1_113' title='bbox 1496 2149 1666 2245; x_wconf 90' lang='lat' dir='ltr'>Superio·</span> <span class='ocrx_word' id='word_1_114' title='bbox 1817 2172 1826 2197; x_wconf 77' lang='lat'><em>⁰</em></span> 
     </span>
    </p>
   </div>
   <div class='ocr_carea' id='block_1_7' title="bbox 85 2256 1680 3555">
    <p class='ocr_par' dir='ltr' id='par_1_7' title="bbox 85 2256 1680 3555">
     <span class='ocr_line' id='line_1_15' title="bbox 86 2256 1666 2367; baseline 0.002 -26"><span class='ocrx_word' id='word_1_115' title='bbox 86 2290 114 2341; x_wconf 90' lang='lat' dir='ltr'>·e</span> <span class='ocrx_word' id='word_1_116' title='bbox 141 2290 238 2342; x_wconf 87' lang='lat' dir='ltr'>anno</span> <span class='ocrx_word' id='word_1_117' title='bbox 261 2256 432 2351; x_wconf 75' lang='lat' dir='ltr'>dederat,</span> <span class='ocrx_word' id='word_1_118' title='bbox 460 2288 518 2366; x_wconf 70' lang='grc' dir='ltr'>η.</span> <span class='ocrx_word' id='word_1_119' title='bbox 544 2267 701 2367; x_wconf 85' lang='lat' dir='ltr'>primum</span> <span class='ocrx_word' id='word_1_120' title='bbox 732 2267 893 2366; x_wconf 86' lang='lat' dir='ltr'>Januarii</span> <span class='ocrx_word' id='word_1_121' title='bbox 927 2264 1059 2342; x_wconf 87' lang='lat' dir='ltr'>mentia</span> <span class='ocrx_word' id='word_1_122' title='bbox 1089 2265 1180 2341; x_wconf 82' lang='lat' dir='ltr'>milri</span> <span class='ocrx_word' id='word_1_123' title='bbox 1209 2267 1289 2342; x_wconf 86' lang='lat' dir='ltr'>sunt</span> <span class='ocrx_word' id='word_1_124' title='bbox 1323 2264 1503 2351; x_wconf 77' lang='lat' dir='ltr'>redditae,</span> <span class='ocrx_word' id='word_1_125' title='bbox 1532 2280 1574 2344; x_wconf 87' lang='lat' dir='ltr'>vt</span> <span class='ocrx_word' id='word_1_126' title='bbox 1601 2270 1666 2347; x_wconf 84' lang='lat' dir='ltr'>do·</span> 
     </span>
     <span class='ocr_line' id='line_1_16' title="bbox 86 2372 1666 2497; baseline 0.003 -36"><span class='ocrx_word' id='word_1_127' title='bbox 86 2408 168 2462; x_wconf 84' lang='lat' dir='ltr'>eam</span> <span class='ocrx_word' id='word_1_128' title='bbox 195 2410 268 2461; x_wconf 90' lang='lat' dir='ltr'>oon</span> <span class='ocrx_word' id='word_1_129' title='bbox 307 2409 458 2485; x_wconf 88' lang='lat' dir='ltr'>parum,</span> <span class='ocrx_word' id='word_1_130' title='bbox 493 2372 634 2463; x_wconf 79' lang='lat' dir='ltr'>moram</span> <span class='ocrx_word' id='word_1_131' title='bbox 659 2386 843 2482; x_wconf 81' lang='lat' dir='ltr'>ejncmodi</span> <span class='ocrx_word' id='word_1_132' title='bbox 874 2407 998 2463; x_wconf 88' lang='lat' dir='ltr'>meum</span> <span class='ocrx_word' id='word_1_133' title='bbox 1032 2384 1262 2480; x_wconf 84' lang='lat' dir='ltr'>gratificandi</span> <span class='ocrx_word' id='word_1_134' title='bbox 1292 2383 1452 2497; x_wconf 85' lang='lat' dir='ltr'>studium</span> <span class='ocrx_word' id='word_1_135' title='bbox 1483 2384 1528 2463; x_wconf 82' lang='lat' dir='ltr'>R</span> <span class='ocrx_word' id='word_1_136' title='bbox 1553 2388 1592 2465; x_wconf 87' lang='grc' dir='ltr'>Ρ.</span> <span class='ocrx_word' id='word_1_137' title='bbox 1620 2390 1666 2470; x_wconf 80' lang='lat' dir='ltr'>V.</span> 
     </span>
     <span class='ocr_line' id='line_1_17' title="bbox 85 2503 1666 2607; baseline 0.003 -26"><span class='ocrx_word' id='word_1_138' title='bbox 85 2506 265 2602; x_wconf 73' lang='lat' dir='ltr'>uspedum</span> <span class='ocrx_word' id='word_1_139' title='bbox 290 2507 443 2581; x_wconf 85' lang='lat' dir='ltr'>reddere</span> <span class='ocrx_word' id='word_1_140' title='bbox 475 2505 636 2604; x_wconf 81' lang='lat' dir='ltr'>potuisse.</span> <span class='ocrx_word' id='word_1_141' title='bbox 703 2506 846 2590; x_wconf 81' lang='lat' dir='ltr'>Quibus</span> <span class='ocrx_word' id='word_1_142' title='bbox 888 2505 1038 2604; x_wconf 88' lang='lat' dir='ltr'>quidem</span> <span class='ocrx_word' id='word_1_143' title='bbox 1071 2503 1203 2580; x_wconf 83' lang='lat' dir='ltr'>litteris</span> <span class='ocrx_word' id='word_1_144' title='bbox 1236 2527 1343 2603; x_wconf 88' lang='lat' dir='ltr'>opere</span> <span class='ocrx_word' id='word_1_145' title='bbox 1377 2503 1524 2601; x_wconf 75' lang='lat' dir='ltr'>dignius</span> <span class='ocrx_word' id='word_1_146' title='bbox 1551 2531 1666 2607; x_wconf 86' lang='lat' dir='ltr'>quam</span> 
     </span>
     <span class='ocr_line' id='line_1_18' title="bbox 86 2621 1667 2721; baseline 0.002 -18"><span class='ocrx_word' id='word_1_147' title='bbox 86 2625 187 2703; x_wconf 76' lang='lat' dir='ltr'>erbis</span> <span class='ocrx_word' id='word_1_148' title='bbox 208 2624 453 2721; x_wconf 84' lang='lat' dir='ltr'>responsurum</span> <span class='ocrx_word' id='word_1_149' title='bbox 474 2625 604 2701; x_wconf 85' lang='lat' dir='ltr'>eadem</span> <span class='ocrx_word' id='word_1_150' title='bbox 630 2648 728 2701; x_wconf 83' lang='lat' dir='ltr'>nnnc</span> <span class='ocrx_word' id='word_1_151' title='bbox 751 2647 855 2702; x_wconf 89' lang='lat' dir='ltr'>mora</span> <span class='ocrx_word' id='word_1_152' title='bbox 883 2633 1063 2708; x_wconf 85' lang='lat' dir='ltr'>moratur,</span> <span class='ocrx_word' id='word_1_153' title='bbox 1089 2647 1162 2699; x_wconf 93' lang='lat' dir='ltr'>non</span> <span class='ocrx_word' id='word_1_154' title='bbox 1183 2625 1258 2700; x_wconf 86' lang='lat' dir='ltr'>sine</span> <span class='ocrx_word' id='word_1_155' title='bbox 1274 2621 1379 2699; x_wconf 86' lang='lat' dir='ltr'>cansa</span> <span class='ocrx_word' id='word_1_156' title='bbox 1398 2622 1667 2717; x_wconf 80' lang='lat' dir='ltr'>sirbuerentem,</span> 
     </span>
     <span class='ocr_line' id='line_1_19' title="bbox 86 2740 1666 2846; baseline -0.002 -22"><span class='ocrx_word' id='word_1_157' title='bbox 86 2770 136 2824; x_wconf 83' lang='lat' dir='ltr'>re.</span> <span class='ocrx_word' id='word_1_158' title='bbox 155 2769 249 2846; x_wconf 85' lang='lat' dir='ltr'>quos</span> <span class='ocrx_word' id='word_1_159' title='bbox 277 2745 322 2819; x_wconf 88' lang='lat' dir='ltr'>ad</span> <span class='ocrx_word' id='word_1_160' title='bbox 352 2755 480 2819; x_wconf 77' lang='lat' dir='ltr'>notum</span> <span class='ocrx_word' id='word_1_161' title='bbox 510 2744 554 2818; x_wconf 88' lang='lat' dir='ltr'>R.</span> <span class='ocrx_word' id='word_1_162' title='bbox 580 2743 619 2817; x_wconf 86' lang='lat' dir='ltr'>P.</span> <span class='ocrx_word' id='word_1_163' title='bbox 651 2744 707 2820; x_wconf 70' lang='lat' dir='ltr'>v:</span> <span class='ocrx_word' id='word_1_164' title='bbox 720 2742 869 2818; x_wconf 86' lang='lat' dir='ltr'>mittere</span> <span class='ocrx_word' id='word_1_165' title='bbox 892 2743 1145 2826; x_wconf 86' lang='lat' dir='ltr'>decreueram,</span> <span class='ocrx_word' id='word_1_166' title='bbox 1167 2740 1280 2816; x_wconf 81' lang='lat' dir='ltr'>nimia</span> <span class='ocrx_word' id='word_1_167' title='bbox 1303 2741 1369 2818; x_wconf 89' lang='lat' dir='ltr'>seri</span> <span class='ocrx_word' id='word_1_168' title='bbox 1396 2742 1578 2830; x_wconf 86' lang='lat' dir='ltr'>venirent,</span> <span class='ocrx_word' id='word_1_169' title='bbox 1604 2768 1666 2842; x_wconf 88' lang='lat' dir='ltr'>pe·</span> 
     </span>
     <span class='ocr_line' id='line_1_20' title="bbox 86 2857 1665 2960; baseline -0.001 -17"><span class='ocrx_word' id='word_1_170' title='bbox 86 2866 151 2944; x_wconf 84' lang='lat' dir='ltr'>itis</span> <span class='ocrx_word' id='word_1_171' title='bbox 178 2869 215 2944; x_wconf 84' lang='lat' dir='ltr'>dt</span> <span class='ocrx_word' id='word_1_172' title='bbox 242 2864 369 2939; x_wconf 87' lang='lat' dir='ltr'>accitis</span> <span class='ocrx_word' id='word_1_173' title='bbox 387 2862 463 2960; x_wconf 81' lang='lat' dir='ltr'>jam</span> <span class='ocrx_word' id='word_1_174' title='bbox 489 2862 635 2938; x_wconf 88' lang='lat' dir='ltr'>aliunde</span> <span class='ocrx_word' id='word_1_175' title='bbox 662 2857 822 2946; x_wconf 82' lang='lat' dir='ltr'>colonia,</span> <span class='ocrx_word' id='word_1_176' title='bbox 853 2859 951 2958; x_wconf 87' lang='lat' dir='ltr'>quod</span> <span class='ocrx_word' id='word_1_177' title='bbox 979 2877 1126 2955; x_wconf 86' lang='lat' dir='ltr'>operam</span> <span class='ocrx_word' id='word_1_178' title='bbox 1153 2860 1231 2935; x_wconf 87' lang='lat' dir='ltr'>mei</span> <span class='ocrx_word' id='word_1_179' title='bbox 1258 2859 1356 2937; x_wconf 87' lang='lat' dir='ltr'>suam</span> <span class='ocrx_word' id='word_1_180' title='bbox 1387 2860 1526 2938; x_wconf 79' lang='lat' dir='ltr'>diutim</span> <span class='ocrx_word' id='word_1_181' title='bbox 1553 2864 1665 2942; x_wconf 81' lang='lat' dir='ltr'>dillu-</span> 
     </span>
     <span class='ocr_line' id='line_1_21' title="bbox 86 2964 1664 3081; baseline -0.004 -19"><span class='ocrx_word' id='word_1_182' title='bbox 86 2987 197 3062; x_wconf 82' lang='lat' dir='ltr'>issent</span> <span class='ocrx_word' id='word_1_183' title='bbox 246 2985 374 3080; x_wconf 84' lang='lat' dir='ltr'>Neque</span> <span class='ocrx_word' id='word_1_184' title='bbox 402 2964 505 3067; x_wconf 82' lang='lat' dir='ltr'>sane,</span> <span class='ocrx_word' id='word_1_185' title='bbox 530 2979 556 3055; x_wconf 81' lang='lat' dir='ltr'>a</span> <span class='ocrx_word' id='word_1_186' title='bbox 583 2992 724 3056; x_wconf 84' lang='lat' dir='ltr'>mature</span> <span class='ocrx_word' id='word_1_187' title='bbox 750 2981 789 3077; x_wconf 81' lang='lat' dir='ltr'>dr</span> <span class='ocrx_word' id='word_1_188' title='bbox 811 2981 908 3056; x_wconf 76' lang='lat' dir='ltr'>reae</span> <span class='ocrx_word' id='word_1_189' title='bbox 941 2977 1054 3053; x_wconf 83' lang='lat' dir='ltr'>etiam</span> <span class='ocrx_word' id='word_1_190' title='bbox 1080 2975 1223 3053; x_wconf 86' lang='lat' dir='ltr'>fuissent</span> <span class='ocrx_word' id='word_1_191' title='bbox 1251 2979 1434 3066; x_wconf 86' lang='lat' dir='ltr'>redditae,</span> <span class='ocrx_word' id='word_1_192' title='bbox 1461 3002 1549 3060; x_wconf 85' lang='lat' dir='ltr'>cum</span> <span class='ocrx_word' id='word_1_193' title='bbox 1573 2984 1664 3081; x_wconf 85' lang='lat' dir='ltr'>hye-</span> 
     </span>
     <span class='ocr_line' id='line_1_22' title="bbox 85 3095 1666 3196; baseline -0.001 -16"><span class='ocrx_word' id='word_1_194' title='bbox 85 3105 147 3183; x_wconf 82' lang='lat' dir='ltr'>nir</span> <span class='ocrx_word' id='word_1_195' title='bbox 170 3101 403 3178; x_wconf 87' lang='lat' dir='ltr'>inclementia</span> <span class='ocrx_word' id='word_1_196' title='bbox 432 3112 513 3174; x_wconf 91' lang='lat' dir='ltr'>tum</span> <span class='ocrx_word' id='word_1_197' title='bbox 542 3098 647 3196; x_wconf 89' lang='lat' dir='ltr'>copia</span> <span class='ocrx_word' id='word_1_198' title='bbox 679 3097 840 3184; x_wconf 88' lang='lat' dir='ltr'>oinium,</span> <span class='ocrx_word' id='word_1_199' title='bbox 870 3120 916 3172; x_wconf 83' lang='lat' dir='ltr'>aa</span> <span class='ocrx_word' id='word_1_200' title='bbox 948 3120 994 3172; x_wconf 83' lang='lat' dir='ltr'>ea</span> <span class='ocrx_word' id='word_1_201' title='bbox 1022 3095 1161 3193; x_wconf 87' lang='lat' dir='ltr'>insuper</span> <span class='ocrx_word' id='word_1_202' title='bbox 1192 3117 1287 3194; x_wconf 90' lang='lat' dir='ltr'>quae</span> <span class='ocrx_word' id='word_1_203' title='bbox 1323 3120 1346 3173; x_wconf 89' lang='lat' dir='ltr'>a</span> <span class='ocrx_word' id='word_1_204' title='bbox 1379 3099 1496 3176; x_wconf 88' lang='lat' dir='ltr'>milite</span> <span class='ocrx_word' id='word_1_205' title='bbox 1533 3105 1573 3181; x_wconf 84' lang='lat' dir='ltr'>dr</span> <span class='ocrx_word' id='word_1_206' title='bbox 1609 3103 1666 3179; x_wconf 89' lang='lat' dir='ltr'>io·</span> 
     </span>
     <span class='ocr_line' id='line_1_23' title="bbox 85 3214 1680 3319; baseline 0.003 -23"><span class='ocrx_word' id='word_1_207' title='bbox 85 3224 225 3301; x_wconf 75' lang='lat' dir='ltr'>&#39;etlione</span> <span class='ocrx_word' id='word_1_208' title='bbox 241 3218 508 3319; x_wconf 69' lang='lat' dir='ltr'>pennulasunt,</span> <span class='ocrx_word' id='word_1_209' title='bbox 530 3218 637 3293; x_wconf 85' lang='lat' dir='ltr'>aliter</span> <span class='ocrx_word' id='word_1_210' title='bbox 656 3216 827 3301; x_wconf 81' lang='lat' dir='ltr'>siuissent,</span> <span class='ocrx_word' id='word_1_211' title='bbox 851 3215 1086 3312; x_wconf 71' lang='lat' dir='ltr'>sinerentque</span> <span class='ocrx_word' id='word_1_212' title='bbox 1134 3215 1273 3302; x_wconf 85' lang='lat' dir='ltr'>Quare,</span> <span class='ocrx_word' id='word_1_213' title='bbox 1296 3214 1323 3290; x_wconf 84' lang='lat' dir='ltr'>st</span> <span class='ocrx_word' id='word_1_214' title='bbox 1347 3216 1391 3295; x_wconf 74' lang='lat' dir='ltr'>lt</span> <span class='ocrx_word' id='word_1_215' title='bbox 1418 3221 1457 3295; x_wconf 87' lang='lat' dir='ltr'>P.</span> <span class='ocrx_word' id='word_1_216' title='bbox 1477 3221 1518 3298; x_wconf 90' lang='lat' dir='ltr'>V.</span> <span class='ocrx_word' id='word_1_217' title='bbox 1535 3223 1680 3300; x_wconf 86' lang='lat' dir='ltr'>etiam·-</span> 
     </span>
     <span class='ocr_line' id='line_1_24' title="bbox 85 3332 1664 3441; baseline 0 -20"><span class='ocrx_word' id='word_1_218' title='bbox 85 3367 160 3421; x_wconf 86' lang='lat' dir='ltr'>rum</span> <span class='ocrx_word' id='word_1_219' title='bbox 183 3341 493 3441; x_wconf 85' lang='lat' dir='ltr'>placeat&#39;operam</span> <span class='ocrx_word' id='word_1_220' title='bbox 514 3338 672 3413; x_wconf 83' lang='lat' dir='ltr'>nostram</span> <span class='ocrx_word' id='word_1_221' title='bbox 698 3336 876 3434; x_wconf 83' lang='lat' dir='ltr'>experiri.</span> <span class='ocrx_word' id='word_1_222' title='bbox 910 3338 959 3413; x_wconf 90' lang='lat' dir='ltr'>de</span> <span class='ocrx_word' id='word_1_223' title='bbox 989 3335 1208 3431; x_wconf 77' lang='lat' dir='ltr'>instituenda</span> <span class='ocrx_word' id='word_1_224' title='bbox 1240 3332 1398 3412; x_wconf 78' lang='lat' dir='ltr'>securim</span> <span class='ocrx_word' id='word_1_225' title='bbox 1419 3337 1575 3418; x_wconf 79' lang='lat' dir='ltr'>,itineris</span> <span class='ocrx_word' id='word_1_226' title='bbox 1608 3366 1664 3421; x_wconf 91' lang='lat' dir='ltr'>ra·</span> 
     </span>
     <span class='ocr_line' id='line_1_25' title="bbox 85 3453 1665 3555; baseline -0.003 -15"><span class='ocrx_word' id='word_1_227' title='bbox 85 3464 176 3540; x_wconf 83' lang='lat' dir='ltr'>ione</span> <span class='ocrx_word' id='word_1_228' title='bbox 208 3460 373 3555; x_wconf 82' lang='lat' dir='ltr'>cupimus</span> <span class='ocrx_word' id='word_1_229' title='bbox 402 3456 556 3535; x_wconf 86' lang='lat' dir='ltr'>edoceri.</span> <span class='ocrx_word' id='word_1_230' title='bbox 622 3457 869 3540; x_wconf 84' lang='lat' dir='ltr'>Quantumuia</span> <span class='ocrx_word' id='word_1_231' title='bbox 900 3456 1000 3531; x_wconf 91' lang='lat' dir='ltr'>enim</span> <span class='ocrx_word' id='word_1_232' title='bbox 1027 3453 1260 3553; x_wconf 84' lang='lat' dir='ltr'>amplissimus</span> <span class='ocrx_word' id='word_1_233' title='bbox 1296 3455 1582 3555; x_wconf 78' lang='lat' dir='ltr'>Wirtenbergiae</span> <span class='ocrx_word' id='word_1_234' title='bbox 1626 3466 1665 3542; x_wconf 73' lang='grc' dir='ltr'>ἀ</span> 
     </span>
    </p>
   </div>
   <div class='ocr_carea' id='block_1_8' title="bbox 85 3574 1811 3683">
    <p class='ocr_par' dir='ltr' id='par_1_8' title="bbox 85 3574 1811 3683">
     <span class='ocr_line' id='line_1_26' title="bbox 85 3574 1811 3683; baseline -0.003 -24"><span class='ocrx_word' id='word_1_235' title='bbox 85 3582 212 3659; x_wconf 85' lang='lat' dir='ltr'>rostrae</span> <span class='ocrx_word' id='word_1_236' title='bbox 236 3579 348 3658; x_wconf 91' lang='lat' dir='ltr'>etiam</span> <span class='ocrx_word' id='word_1_237' title='bbox 376 3577 534 3653; x_wconf 88' lang='lat' dir='ltr'>Sneuiae</span> <span class='ocrx_word' id='word_1_238' title='bbox 563 3597 605 3650; x_wconf 86' lang='lat' dir='ltr'>ac</span> <span class='ocrx_word' id='word_1_239' title='bbox 633 3574 787 3651; x_wconf 82' lang='lat' dir='ltr'>Rhatiae</span> <span class='ocrx_word' id='word_1_240' title='bbox 816 3598 901 3672; x_wconf 83' lang='lat' dir='ltr'>ager</span> <span class='ocrx_word' id='word_1_241' title='bbox 929 3575 1073 3673; x_wconf 84' lang='lat' dir='ltr'>copiam</span> <span class='ocrx_word' id='word_1_242' title='bbox 1096 3574 1180 3647; x_wconf 88' lang='lat' dir='ltr'>sane</span> <span class='ocrx_word' id='word_1_243' title='bbox 1208 3575 1449 3672; x_wconf 85' lang='lat' dir='ltr'>operariorum</span> <span class='ocrx_word' id='word_1_244' title='bbox 1479 3599 1554 3652; x_wconf 87' lang='lat' dir='ltr'>uon</span> <span class='ocrx_word' id='word_1_245' title='bbox 1584 3589 1664 3675; x_wconf 85' lang='lat' dir='ltr'>par·</span> <span class='ocrx_word' id='word_1_246' title='bbox 1810 3679 1811 3683; x_wconf 7' lang='grc' dir='ltr'><strong><em>Ν</em></strong></span> 
     </span>
    </p>
   </div>
   <div class='ocr_carea' id='block_1_9' title="bbox 85 3692 1778 4136">
    <p class='ocr_par' dir='ltr' id='par_1_9' title="bbox 85 3692 1778 4032">
     <span class='ocr_line' id='line_1_27' title="bbox 85 3692 1664 3799; baseline -0.004 -20"><span class='ocrx_word' id='word_1_247' title='bbox 85 3692 159 3779; x_wconf 73' lang='lat' dir='ltr'>ra&#39;m</span> <span class='ocrx_word' id='word_1_248' title='bbox 186 3699 360 3799; x_wconf 85' lang='lat' dir='ltr'>requirat,</span> <span class='ocrx_word' id='word_1_249' title='bbox 386 3695 512 3772; x_wconf 87' lang='lat' dir='ltr'>malim</span> <span class='ocrx_word' id='word_1_250' title='bbox 536 3707 659 3772; x_wconf 86' lang='lat' dir='ltr'>tamen</span> <span class='ocrx_word' id='word_1_251' title='bbox 690 3695 735 3768; x_wconf 91' lang='lat' dir='ltr'>de</span> <span class='ocrx_word' id='word_1_252' title='bbox 758 3693 851 3770; x_wconf 90' lang='lat' dir='ltr'>meis</span> <span class='ocrx_word' id='word_1_253' title='bbox 874 3693 986 3769; x_wconf 89' lang='lat' dir='ltr'>etiam</span> <span class='ocrx_word' id='word_1_254' title='bbox 1013 3695 1121 3770; x_wconf 83' lang='lat' dir='ltr'>rebue</span> <span class='ocrx_word' id='word_1_255' title='bbox 1149 3715 1192 3767; x_wconf 88' lang='lat' dir='ltr'>ac</span> <span class='ocrx_word' id='word_1_256' title='bbox 1218 3695 1420 3770; x_wconf 82' lang='lat' dir='ltr'>commodis</span> <span class='ocrx_word' id='word_1_257' title='bbox 1444 3695 1580 3794; x_wconf 82' lang='lat' dir='ltr'>aliquid</span> <span class='ocrx_word' id='word_1_258' title='bbox 1600 3699 1664 3774; x_wconf 91' lang='lat' dir='ltr'>de·</span> 
     </span>
     <span class='ocr_line' id='line_1_28' title="bbox 85 3810 1778 3916; baseline -0.006 -16"><span class='ocrx_word' id='word_1_259' title='bbox 85 3822 232 3905; x_wconf 86' lang='lat' dir='ltr'>rahere,</span> <span class='ocrx_word' id='word_1_260' title='bbox 256 3840 378 3916; x_wconf 85' lang='lat' dir='ltr'>quarn-</span> <span class='ocrx_word' id='word_1_261' title='bbox 399 3831 477 3891; x_wconf 87' lang='lat' dir='ltr'>tam</span> <span class='ocrx_word' id='word_1_262' title='bbox 505 3815 586 3912; x_wconf 89' lang='lat' dir='ltr'>piae</span> <span class='ocrx_word' id='word_1_263' title='bbox 616 3817 653 3893; x_wconf 78' lang='lat' dir='ltr'>dr</span> <span class='ocrx_word' id='word_1_264' title='bbox 684 3811 865 3909; x_wconf 83' lang='lat' dir='ltr'>religiosae</span> <span class='ocrx_word' id='word_1_265' title='bbox 891 3811 1060 3911; x_wconf 87' lang='lat' dir='ltr'>petitioni</span> <span class='ocrx_word' id='word_1_266' title='bbox 1096 3810 1219 3887; x_wconf 78' lang='lat' dir='ltr'>minus</span> <span class='ocrx_word' id='word_1_267' title='bbox 1248 3811 1468 3902; x_wconf 85' lang='lat' dir='ltr'>satisfacere,</span> <span class='ocrx_word' id='word_1_268' title='bbox 1499 3838 1584 3891; x_wconf 87' lang='lat' dir='ltr'>meo</span> <span class='ocrx_word' id='word_1_269' title='bbox 1608 3817 1665 3896; x_wconf 88' lang='lat' dir='ltr'>in·</span> <span class='ocrx_word' id='word_1_270' title='bbox 1775 3894 1778 3899; x_wconf 71' lang='grc'>,</span> 
     </span>
     <span class='ocr_line' id='line_1_29' title="bbox 85 3922 1716 4032; baseline 0.001 -18"><span class='ocrx_word' id='word_1_271' title='bbox 85 3940 199 4017; x_wconf 82' lang='lat' dir='ltr'>nimis</span> <span class='ocrx_word' id='word_1_272' title='bbox 227 3960 311 4032; x_wconf 87' lang='lat' dir='ltr'>erga</span> <span class='ocrx_word' id='word_1_273' title='bbox 334 3935 580 4013; x_wconf 80' lang='lat' dir='ltr'>faustissimum</span> <span class='ocrx_word' id='word_1_274' title='bbox 610 3934 803 4018; x_wconf 85' lang='lat' dir='ltr'>Ordinem,</span> <span class='ocrx_word' id='word_1_275' title='bbox 828 3922 1090 4008; x_wconf 77' lang='lat' dir='ltr'>illustriffimnm</span> <span class='ocrx_word' id='word_1_276' title='bbox 1117 3930 1362 4007; x_wconf 73' lang='lat' dir='ltr'>vienneoem</span> <span class='ocrx_word' id='word_1_277' title='bbox 1388 3934 1602 4013; x_wconf 86' lang='lat' dir='ltr'>Pontificem</span> <span class='ocrx_word' id='word_1_278' title='bbox 1625 3941 1664 4016; x_wconf 83' lang='lat' dir='ltr'>dr</span> <span class='ocrx_word' id='word_1_279' title='bbox 1712 4018 1716 4029; x_wconf 73' lang='grc'><em>,</em></span> 
     </span>
    </p>

    <p class='ocr_par' dir='ltr' id='par_1_10' title="bbox 85 4049 1663 4136">
     <span class='ocr_line' id='line_1_30' title="bbox 85 4049 1663 4136; baseline -0.006 -1"><span class='ocrx_word' id='word_1_280' title='bbox 85 4055 412 4136; x_wconf 76' lang='lat' dir='ltr'>lenerendilfimam</span> <span class='ocrx_word' id='word_1_281' title='bbox 434 4055 606 4130; x_wconf 85' lang='lat' dir='ltr'>Paternit.</span> <span class='ocrx_word' id='word_1_282' title='bbox 628 4053 780 4130; x_wconf 84' lang='lat' dir='ltr'>vestram</span> <span class='ocrx_word' id='word_1_283' title='bbox 801 4051 936 4134; x_wconf 88' lang='lat' dir='ltr'>studio,</span> <span class='ocrx_word' id='word_1_284' title='bbox 972 4052 1062 4125; x_wconf 87' lang='lat' dir='ltr'>bene</span> <span class='ocrx_word' id='word_1_285' title='bbox 1086 4049 1250 4125; x_wconf 88' lang='lat' dir='ltr'>merendi</span> <span class='ocrx_word' id='word_1_286' title='bbox 1274 4049 1495 4128; x_wconf 79' lang='lat' dir='ltr'>occasionem</span> <span class='ocrx_word' id='word_1_287' title='bbox 1514 4077 1663 4135; x_wconf 82' lang='lat' dir='ltr'>omnem</span> 
     </span>
    </p>
   </div>
   <div class='ocr_carea' id='block_1_10' title="bbox 85 4164 1818 4274">
    <p class='ocr_par' dir='ltr' id='par_1_11' title="bbox 85 4164 1818 4274">
     <span class='ocr_line' id='line_1_31' title="bbox 85 4164 1818 4274; baseline -0.001 -19"><span class='ocrx_word' id='word_1_288' title='bbox 85 4180 163 4255; x_wconf 79' lang='lat' dir='ltr'>utro</span> <span class='ocrx_word' id='word_1_289' title='bbox 185 4187 380 4274; x_wconf 80' lang='lat' dir='ltr'>expetente</span> <span class='ocrx_word' id='word_1_290' title='bbox 404 4176 442 4252; x_wconf 83' lang='lat' dir='ltr'>dr</span> <span class='ocrx_word' id='word_1_291' title='bbox 463 4173 707 4249; x_wconf 83' lang='lat' dir='ltr'>exambiente.</span> <span class='ocrx_word' id='word_1_292' title='bbox 765 4170 913 4248; x_wconf 81' lang='lat' dir='ltr'>Mittam</span> <span class='ocrx_word' id='word_1_293' title='bbox 931 4168 1032 4266; x_wconf 90' lang='lat' dir='ltr'>proin</span> <span class='ocrx_word' id='word_1_294' title='bbox 1053 4169 1147 4243; x_wconf 90' lang='lat' dir='ltr'>duos</span> <span class='ocrx_word' id='word_1_295' title='bbox 1171 4178 1291 4243; x_wconf 86' lang='lat' dir='ltr'>tresue</span> <span class='ocrx_word' id='word_1_296' title='bbox 1313 4193 1334 4243; x_wconf 93' lang='lat' dir='ltr'>e</span> <span class='ocrx_word' id='word_1_297' title='bbox 1358 4168 1435 4246; x_wconf 81' lang='lat' dir='ltr'>sinu</span> <span class='ocrx_word' id='word_1_298' title='bbox 1459 4170 1498 4249; x_wconf 77' lang='lat' dir='ltr'>dc</span> <span class='ocrx_word' id='word_1_299' title='bbox 1523 4177 1663 4270; x_wconf 80' lang='lat' dir='ltr'>gremio</span> <span class='ocrx_word' id='word_1_300' title='bbox 1778 4164 1818 4187; x_wconf 60' lang='grc'>“’</span> 
     </span>
    </p>
   </div>
   <div class='ocr_carea' id='block_1_11' title="bbox 84 4285 1663 4637">
    <p class='ocr_par' dir='ltr' id='par_1_12' title="bbox 84 4285 1663 4637">
     <span class='ocr_line' id='line_1_32' title="bbox 84 4285 1661 4388; baseline -0.001 -17"><span class='ocrx_word' id='word_1_301' title='bbox 84 4320 154 4377; x_wconf 82' lang='lat' dir='ltr'>neo</span> <span class='ocrx_word' id='word_1_302' title='bbox 174 4297 211 4371; x_wconf 94' lang='lat' dir='ltr'>in</span> <span class='ocrx_word' id='word_1_303' title='bbox 237 4288 564 4370; x_wconf 82' lang='lat' dir='ltr'>Reuerendiffimae</span> <span class='ocrx_word' id='word_1_304' title='bbox 584 4292 625 4368; x_wconf 84' lang='grc' dir='ltr'>Ρ.</span> <span class='ocrx_word' id='word_1_305' title='bbox 652 4294 693 4371; x_wconf 89' lang='lat' dir='ltr'>V.</span> <span class='ocrx_word' id='word_1_306' title='bbox 723 4292 933 4388; x_wconf 69' lang='lat' dir='ltr'>obsequium</span> <span class='ocrx_word' id='word_1_307' title='bbox 963 4292 1001 4366; x_wconf 85' lang='lat' dir='ltr'>dr</span> <span class='ocrx_word' id='word_1_308' title='bbox 1031 4286 1239 4383; x_wconf 77' lang='lat' dir='ltr'>amplexus,</span> <span class='ocrx_word' id='word_1_309' title='bbox 1275 4285 1392 4377; x_wconf 87' lang='lat' dir='ltr'>suam,</span> <span class='ocrx_word' id='word_1_310' title='bbox 1423 4313 1496 4388; x_wconf 86' lang='lat' dir='ltr'>qua</span> <span class='ocrx_word' id='word_1_311' title='bbox 1519 4297 1661 4380; x_wconf 82' lang='lat' dir='ltr'>valent,</span> 
     </span>
     <span class='ocr_line' id='line_1_33' title="bbox 84 4405 1661 4527; baseline -0.004 -32"><span class='ocrx_word' id='word_1_312' title='bbox 84 4441 220 4517; x_wconf 77' lang='lat' dir='ltr'>iperam</span> <span class='ocrx_word' id='word_1_313' title='bbox 242 4411 576 4527; x_wconf 12' lang='lat' dir='ltr'>actinduslriamin</span> <span class='ocrx_word' id='word_1_314' title='bbox 597 4409 769 4509; x_wconf 78' lang='lat' dir='ltr'>hisquae</span> <span class='ocrx_word' id='word_1_315' title='bbox 795 4410 972 4508; x_wconf 88' lang='lat' dir='ltr'>imperata</span> <span class='ocrx_word' id='word_1_316' title='bbox 999 4405 1415 4504; x_wconf 81' lang='lat' dir='ltr'>fuerintprnmptifflme</span> <span class='ocrx_word' id='word_1_317' title='bbox 1440 4412 1661 4507; x_wconf 63' lang='lat' dir='ltr'>probaturos,</span> 
     </span>
     <span class='ocr_line' id='line_1_34' title="bbox 84 4523 1663 4637; baseline -0.002 -23"><span class='ocrx_word' id='word_1_318' title='bbox 84 4536 289 4637; x_wconf 67' lang='lat' dir='ltr'>responsam</span> <span class='ocrx_word' id='word_1_319' title='bbox 312 4554 397 4630; x_wconf 73' lang='lat' dir='ltr'>erpo</span> <span class='ocrx_word' id='word_1_320' title='bbox 420 4531 589 4631; x_wconf 72' lang='lat' dir='ltr'>exspem</span> <span class='ocrx_word' id='word_1_321' title='bbox 616 4530 655 4608; x_wconf 79' lang='lat' dir='ltr'>dc</span> <span class='ocrx_word' id='word_1_322' title='bbox 684 4531 729 4609; x_wconf 83' lang='lat' dir='ltr'>R.</span> <span class='ocrx_word' id='word_1_323' title='bbox 752 4530 795 4607; x_wconf 87' lang='grc' dir='ltr'>Ρ.</span> <span class='ocrx_word' id='word_1_324' title='bbox 817 4530 863 4608; x_wconf 78' lang='lat' dir='ltr'>V·-</span> <span class='ocrx_word' id='word_1_325' title='bbox 895 4538 977 4619; x_wconf 68' lang='lat' dir='ltr'>tam,</span> <span class='ocrx_word' id='word_1_326' title='bbox 1005 4523 1130 4629; x_wconf 71' lang='lat' dir='ltr'>dignis</span> <span class='ocrx_word' id='word_1_327' title='bbox 1159 4535 1266 4607; x_wconf 86' lang='lat' dir='ltr'>tanto</span> <span class='ocrx_word' id='word_1_328' title='bbox 1298 4525 1440 4604; x_wconf 87' lang='lat' dir='ltr'>honore</span> <span class='ocrx_word' id='word_1_329' title='bbox 1473 4533 1663 4610; x_wconf 79' lang='lat' dir='ltr'>cmatilms</span> 
     </span>
    </p>
   </div>
   <div class='ocr_carea' id='block_1_12' title="bbox 788 4633 1665 4771">
    <p class='ocr_par' dir='ltr' id='par_1_13' title="bbox 788 4633 1665 4771">
     <span class='ocr_line' id='line_1_35' title="bbox 788 4633 1665 4771; baseline 0.003 -46"><span class='ocrx_word' id='word_1_330' title='bbox 788 4633 1065 4771; x_wconf 21' lang='lat' dir='ltr'>&#39;Marma&#39;</span> <span class='ocrx_word' id='word_1_331' title='bbox 1154 4761 1160 4771; x_wconf 23' lang='grc' dir='ltr'><strong><em>Ι</em></strong></span> <span class='ocrx_word' id='word_1_332' title='bbox 1473 4638 1476 4646; x_wconf 47' lang='lat'><em>⁴</em></span> <span class='ocrx_word' id='word_1_333' title='bbox 1558 4650 1665 4740; x_wconf 90' lang='lat' dir='ltr'>„snc·</span> 
     </span>
    </p>
   </div>
   <div class='ocr_carea' id='block_1_13' title="bbox 0 0 1872 5160">
    <p class='ocr_par' dir='ltr' id='par_1_14' title="bbox 0 0 1872 5160">
     <span class='ocr_line' id='line_1_36' title="bbox 0 0 1872 5160; baseline 0 1"><span class='ocrx_word' id='word_1_334' title='bbox 0 0 1872 5160; x_wconf 95' lang='lat' dir='ltr'> </span> 
     </span>
    </p>
   </div>
  </div>
 </body>
</html>
