3736 5160
107 236 179 327 378
707 210 1132 308 emm.

112 416 177 486 rut
198 400 260 480 sex
289 390 373 473 aliis
396 386 596 476 Matronis,
622 389 862 479 Conseffario,
898 394 1062 482 Medico,
1101 391 1302 493 &aliquot
1324 390 1472 470 tenutis
1501 395 1679 490 perendie
1700 395 1742 472 ad

112 528 286 607 futurum.
348 512 467 591 Addit
489 514 671 588 demum:
708 512 817 589 Aoeh
853 511 944 590 iiber
970 513 1065 589 Here
1087 537 1158 591 von
1190 511 1446 607 weingarten,
1493 514 1625 589 monet
1653 517 1739 592 euch

114 649 153 727 in
187 645 252 721 der
286 626 377 718 stili,
410 633 458 708 da
488 632 539 707 [τε
559 630 616 707 nit
647 655 759 709 zuuor
786 632 931 720 nisset,
971 632 1250 727 erkhundigen,
1285 634 1332 709 ob
1360 634 1423 708 der
1449 632 1545 708 Hert
1575 633 1737 711 Cardine!

115 764 259 850 Anndre
283 779 331 834 zu
352 752 536 852 Merfimrg
561 749 650 837 seie,
692 751 780 827 oder
813 774 924 833 worm
954 752 1006 831 Et
1038 766 1186 831 etwann
1221 751 1305 828 folle
1339 750 1489 827 anhaim
1522 751 1733 839 khornmeo,

116 882 278 969 welches
310 874 379 954 wir
404 873 533 948 darum
557 893 644 967 gero
678 870 815 951 miden.
836 872 1008 957 wollten,
1041 870 1205 950 dirimit
1238 870 1398 953 vilieioht
1425 870 1611 947 derfelben
1653 874 1732 950 Orth

117 1005 229 1088 reisen
257 994 447 1076 rnechten,
473 989 591 1067 deffen
611 989 682 1067 wir
702 1012 802 1069 zwar
821 991 918 1068 noch
941 991 999 1067 nit
1020 991 1274 1079 entichloiien,
1306 990 1432 1067 sonder
1452 988 1521 1065 erst
1551 990 1625 1067 mit
1650 995 1730 1071 ench

115 1125 236 1209 diffns
259 1117 371 1195 reden
397 1109 548 1198 moilen,
590 1108 698 1187 Sonst
728 1107 853 1187 monet
885 1110 980 1189 auch
1004 1110 1158 1188 beiden
1189 1111 1313 1188 Ennea
1346 1110 1461 1211 dorob
1485 1109 1578 1195 sein,
1627 1112 1727 1191 darnit

50 1234 53 1243 ¹
116 1249 175 1328 nit
202 1237 280 1322 vast
304 1231 507 1311 lauthmeer
531 1231 679 1314 werde.
700 1228 764 1307 das
784 1232 851 1307 mir
877 1257 939 1306 mu
962 1229 1100 1330 disrorts
1131 1230 1322 1328 aufhaitm,
1354 1228 1402 1305 do
1420 1222 1491 1307 mir
1510 1229 1628 1306 durch
1649 1230 1724 1308 Eur

117 1355 341 1476 Jarisdiiiian
364 1362 489 1428 etman
511 1348 572 1424 oin
592 1346 746 1435 oedem,
782 1347 837 1425 oin
861 1350 934 1427 den
962 1350 1157 1444 geminen
1183 1350 1301 1446 Weeg
1325 1350 1442 1427 haben
1471 1349 1723 1437 monomenta

117 1485 243 1569 wollet
272 1473 367 1552 auch
387 1467 636 1550 vabeschwert
658 1466 814 1567 jemand
842 1469 1063 1554 reeordnen.
1086 1469 1153 1547 der
1168 1491 1238 1547 ono
1258 1467 1439 1565 gemeiten
1464 1480 1619 1565 guetten
1638 1491 1723 1567 woeg

116 1603 283 1691 belnitte,
307 1590 393 1673 weil
417 1589 557 1667 meiner
577 1585 724 1683 gemahl
749 1587 815 1666 der
845 1586 937 1666 Boie
959 1588 1074 1665 ranlre
1097 1611 1204 1685 weng
1236 1601 1354 1667 etum
1387 1589 1502 1667 Vebel
1531 1610 1579 1665 zn
1611 1588 1720 1668 mon

116 1727 270 1809 khombt
290 1727 361 1796 eto.
380 1711 616 1790 ottobemen-
630 1707 703 1784 den
726 1720 760 1793 8·
781 1706 1009 1806 Septembris
1035 1730 1141 1804 1593.
1193 1708 1390 1786 Wiiihelm.
1417 1711 1535 1809 Mppr.
1548 1712 1628 1809 (g).

212 1962 295 2040 Han
316 1972 426 2053 prope
445 1947 643 2047 insequuta
663 1942 714 2023 est
732 1941 891 2043 Epistola
919 1943 1053 2048 Pistorii
1079 1945 1118 2022 in
1137 1943 1235 2022 hono
1258 1945 1474 2025 sententiam
1497 1948 1546 2024 ad
1560 1947 1721 2027 Abbeten

118 2089 278 2168 nostrum
303 2068 442 2171 sctsptt.
466 2068 537 2167 (h)
597 2066 790 2145 Admodum
815 2063 1002 2143 Reuermde
1028 2066 1181 2143 Domine.
1245 2064 1328 2143 Cum
1351 2070 1440 2143 uiam
1467 2070 1503 2143 in
1530 2068 1719 2145 Bnnemnt

118 2204 325 2309 ingrederer,
350 2193 404 2268 die
430 2188 547 2266 Lunae
558 2188 633 2286 suit
662 2184 744 2262 midi
772 2183 815 2262 ab
841 2188 963 2287 optimo
997 2188 1070 2263 uiro
1100 2187 1302 2274 nuntiatum,
1343 2183 1581 2289 Sereniffimum
1615 2187 1738 2266 Ducem

120 2324 290 2409 Bononiae
320 2314 486 2394 Seniorem
515 2304 671 2409 appuliffl
711 2304 969 2406 Weingardnm,
1002 2303 1044 2382 id
1070 2308 1217 2405 cogitare
1248 2304 1295 2380 nd
1322 2304 1480 2381 Eremum
1518 2305 1717 2384 Heiuetiean:

119 2472 213 2548 me
235 2432 431 2544 proemififfe
457 2431 614 2527 alimen,
651 2428 708 2524 qui
729 2430 802 2503 uiae
829 2425 1029 2501 conditiones
1052 2424 1275 2524 cognosceret,
1312 2422 1354 2502 ti
1386 2426 1568 2526 diuerfhria
1592 2439 1713 2528 pararet.

119 2568 200 2669 Ego
225 2564 331 2662 igitur
361 2551 477 2630 dubius
509 2546 656 2649 confiiii:
686 2558 794 2621 tanum
822 2573 893 2621 erem
917 2548 979 2621 nix
1003 2545 1183 2633 crederem,
1210 2547 1349 2644 perrexi
1374 2542 1643 2648 Sigmaringan:
1665 2571 1711 2620 m·

119 2691 159 2770 de
190 2679 360 2782 Cursorem
385 2676 477 2776 istum
498 2669 544 2745 ad
564 2691 621 2743 nos
642 2668 755 2752 mutto,
790 2665 1115 2763 Dominationemque
1137 2669 1272 2769 nestram
1300 2664 1491 2742 Admodum
1519 2664 1716 2743 Rerumndon

118 2802 328 2912 officiofiffrme
356 2819 461 2894 rogo,
491 2798 765 2887 quantumcunque
791 2782 960 2863 Serenitas
981 2785 1048 2885 sua
1072 2782 1300 2886 prosedionem
1334 2782 1484 2861 Celatam
1516 2784 1578 2888 effe
1610 2788 1715 2887 nepiot,

119 2944 226 3009 tamen
251 2935 289 2998 ut
310 2939 431 3016 quoqno
452 2909 547 2987 modo
565 2909 686 3008 potest,-
711 2902 862 2981 Litteras
888 2905 1055 3007 conclusas
1076 2902 1238 2980 exhibeat.
1304 2900 1373 2979 Res
1403 2907 1445 3006 esi
1468 2909 1644 3005 permagni
1666 2928 1716 2979 nn

118 3049 236 3133 menti,
261 3039 301 3117 ti
325 3036 373 3113 ad
394 3030 578 3129 Religionis
603 3024 781 3101 catholicae
805 3028 1030 3103 incrementum
1046 3028 1206 3125 pertinet,
1238 3021 1279 3099 ti
1309 3021 1478 3101 Serenitas
1495 3025 1563 3124 seen
1585 3032 1656 3127 jam
1675 3024 1716 3098 diu

119 3171 219 3248 noreit.
270 3159 350 3238 Non
376 3152 509 3249 indigne
526 3151 618 3246 seret,
639 3144 731 3221 tradi
759 3142 929 3234 Litteras,
961 3148 1026 3221 imo
1052 3140 1232 3244 gaudebit:
1270 3168 1331 3240 quo
1354 3147 1459 3219 minen
1483 3145 1716 3246 indigentiorem

118 3297 238 3368 meent.
263 3274 457 3356 Dominntio
478 3266 651 3343 admodum
674 3263 865 3341 Reuerendo
888 3268 1001 3367 uestra.
1061 3262 1104 3343 Si
1127 3260 1297 3340 Serenitas
1319 3264 1458 3340 nondum
1480 3264 1634 3366 neniffet:
1662 3288 1717 3342 nm·

119 3416 331 3488 maranen
362 3390 460 3494 effet:
490 3409 572 3486 rogo
595 3384 708 3486 rursm
737 3386 903 3485 infinitum
924 3388 959 3463 in
980 3381 1127 3472 modum,
1161 3395 1198 3458 ut
1229 3380 1593 3482 Cnrfimnndetineat,
1627 3405 1717 3483 quon·

118 3554 176 3629 que
201 3514 397 3599 commodum
418 3513 475 3613 fit.
533 3503 631 3606 Spem
659 3508 692 3581 in
714 3504 950 3582 Dominatione
976 3508 1079 3607 nestra
1096 3527 1313 3605 perrnagnam
1342 3501 1469 3579 babeo:
1497 3503 1542 3580 In
1563 3503 1718 3584 Sermione

117 3649 208 3726 illins
235 3642 330 3736 longe
350 3634 539 3709 maximnm.
597 3626 660 3701 Vn·
679 3629 780 3727 potest
807 3625 997 3703 Admodum
1022 3622 1213 3732 Rerurenda
1236 3623 1432 3701 Dominatio
1458 3628 1567 3725 ursino
1595 3618 1716 3721 intend

110 3769 187 3872 sore
216 3754 403 3839 Reuerendo
430 3749 573 3826 Domino
597 3744 699 3820 Patre
715 3814 718 3820 ,
733 3743 947 3834 inurentino,
983 3745 1039 3842 qui
1055 3744 1128 3845 stne
1151 3740 1248 3818 dubio
1264 3743 1366 3845 stmul
1393 3747 1508 3820 ueniet.
1580 3741 1713 3846 Deddiot

117 3886 185 3990 ipse
211 3907 260 3958 ene
286 3881 322 3953 in
352 3875 466 3956 viam,
496 3870 529 3970 fi
555 3863 685 3962 cursum
711 3886 862 3959 equorum
893 3864 1076 3941 celeriorem
1103 3864 1199 3960 serre
1225 3861 1356 3963 pensem.
1440 3859 1568 3942 Tamen
1601 3869 1717 3946 nemun,

116 4004 245 4109 quando
273 3996 313 4074 ti
339 4018 400 4093 quo
424 3985 574 4067 vocabar.
641 3983 821 4082 Apparere
848 3984 953 4089 igitur
987 3981 1179 4069 Reuerendo
1208 3982 1383 4063 admodum
1410 3983 1612 4062 Dominatio
1640 3987 1722 4089 nejim

118 4124 364 4224 Benignitatem
389 4115 424 4187 in
450 4136 499 4187 nn
521 4105 618 4205 sunm
648 4103 707 4179 iroc
733 4096 880 4202 exemplo
901 4094 1010 4192 stimi,
1048 4096 1090 4175 id
1123 4101 1238 4178 eredat
1266 4129 1316 4179 rne
1347 4105 1482 4207 nieiffim
1518 4106 1620 4205 ipsius
1645 4098 1725 4201 carso

109 4249 276 4349 saiiurum
302 4236 431 4311 omnin:
470 4226 554 4325 qnod
566 4223 655 4325 serio
683 4224 849 4324 confirmo.
901 4218 994 4295 Deus
1017 4243 1077 4295 nos
1098 4217 1141 4295 ab
1169 4221 1378 4299 incommodis
1404 4222 1553 4299 omnibus
1575 4224 1723 4325 defendat.

115 4394 159 4444 err
190 4358 426 4461 Sigmaringun
462 4371 515 4423 1-2.
547 4344 639 4447 Sept.
673 4343 776 4423 Anno
800 4365 857 4437 95.
894 4336 1102 4416 Reuermdae
1129 4339 1319 4419 Admodum
1350 4342 1602 4422 Dominationir
1624 4348 1726 4448 neflru

41 4548 62 4585 .
115 4485 239 4569 Seruus
255 4476 369 4580 fidelis
393 4467 433 4548 ti
453 4470 575 4543 amicus
591 4464 814 4566 pardidimus
833 4459 1001 4565 Pistorius.
1057 4457 1227 4562 Quidquid
1248 4461 1412 4562 serenitas
1426 4461 1495 4564 sua
1527 4461 1725 4567 respondebit,

1687 4579 1761 4661 nei*

156 4719 528 4819 vfflmfflm
633 4706 1029 4795 mmmmm
