<?xml version="1.0" encoding="UTF-8"?>
<!DOCTYPE html PUBLIC "-//W3C//DTD XHTML 1.0 Transitional//EN"
    "http://www.w3.org/TR/xhtml1/DTD/xhtml1-transitional.dtd">
<html xmlns="http://www.w3.org/1999/xhtml" xml:lang="en" lang="en">
 <head>
  <title>
</title>
<meta http-equiv="Content-Type" content="text/html;charset=utf-8" />
  <meta name='ocr-system' content='tesseract 3.04.00' />
  <meta name='ocr-capabilities' content='ocr_page ocr_carea ocr_par ocr_line ocrx_word'/>
</head>
<body>
  <div class='ocr_page' id='page_1' title='image "./prodromusmonume01hessgoog_0326.png"; bbox 0 0 3736 5160; ppageno 0'>
   <div class='ocr_carea' id='block_1_1' title="bbox 687 115 1855 253">
    <p class='ocr_par' dir='ltr' id='par_1_1' title="bbox 687 115 1855 253">
     <span class='ocr_line' id='line_1_1' title="bbox 687 115 1855 253; baseline 0 -46"><span class='ocrx_word' id='word_1_1' title='bbox 687 115 1227 207; x_wconf 84' lang='grc' dir='ltr'>*πππω</span> <span class='ocrx_word' id='word_1_2' title='bbox 1472 133 1855 253; x_wconf 13' lang='grc' dir='ltr'>κω,</span> 
     </span>
    </p>
   </div>
   <div class='ocr_carea' id='block_1_2' title="bbox 58 284 1841 2888">
    <p class='ocr_par' dir='ltr' id='par_1_2' title="bbox 58 284 1841 2888">
     <span class='ocr_line' id='line_1_2' title="bbox 182 284 1711 390; baseline 0 -23"><span class='ocrx_word' id='word_1_3' title='bbox 182 287 244 367; x_wconf 79' lang='lat' dir='ltr'>Ad</span> <span class='ocrx_word' id='word_1_4' title='bbox 268 287 366 364; x_wconf 81' lang='lat' dir='ltr'>nanc</span> <span class='ocrx_word' id='word_1_5' title='bbox 391 284 586 387; x_wconf 80' lang='lat' dir='ltr'>Epistolam</span> <span class='ocrx_word' id='word_1_6' title='bbox 612 287 649 364; x_wconf 85' lang='lat' dir='ltr'>in</span> <span class='ocrx_word' id='word_1_7' title='bbox 673 289 771 368; x_wconf 90' lang='lat' dir='ltr'>lrunc</span> <span class='ocrx_word' id='word_1_8' title='bbox 795 292 958 369; x_wconf 84' lang='lat' dir='ltr'>maxime</span> <span class='ocrx_word' id='word_1_9' title='bbox 976 293 1126 370; x_wconf 88' lang='lat' dir='ltr'>modum</span> <span class='ocrx_word' id='word_1_10' title='bbox 1152 289 1334 390; x_wconf 81' lang='lat' dir='ltr'><strong>respondit</strong></span> <span class='ocrx_word' id='word_1_11' title='bbox 1359 292 1557 388; x_wconf 73' lang='lat' dir='ltr'>Georgius:</span> <span class='ocrx_word' id='word_1_12' title='bbox 1595 288 1711 379; x_wconf 65' lang='lat' dir='ltr'>„slim</span> 
     </span>
     <span class='ocr_line' id='line_1_3' title="bbox 80 406 1708 513; baseline 0 -29"><span class='ocrx_word' id='word_1_13' title='bbox 80 406 261 510; x_wconf 75' lang='lat' dir='ltr'>„sttrffime</span> <span class='ocrx_word' id='word_1_14' title='bbox 288 413 328 504; x_wconf 85' lang='lat' dir='ltr'>r)</span> <span class='ocrx_word' id='word_1_15' title='bbox 370 435 412 484; x_wconf 84' lang='lat' dir='ltr'>ac</span> <span class='ocrx_word' id='word_1_16' title='bbox 439 407 703 508; x_wconf 77' lang='lat' dir='ltr'>Reuerendifflme</span> <span class='ocrx_word' id='word_1_17' title='bbox 731 411 889 498; x_wconf 81' lang='lat' dir='ltr'>Domine,</span> <span class='ocrx_word' id='word_1_18' title='bbox 940 411 1083 487; x_wconf 82' lang='lat' dir='ltr'>Domine</span> <span class='ocrx_word' id='word_1_19' title='bbox 1116 409 1414 513; x_wconf 77' lang='lat' dir='ltr'>obseruandiffimel</span> <span class='ocrx_word' id='word_1_20' title='bbox 1461 409 1708 487; x_wconf 84' lang='lat' dir='ltr'>illustrillimae</span> 
     </span>
     <span class='ocr_line' id='line_1_4' title="bbox 72 525 1709 628; baseline 0.002 -26"><span class='ocrx_word' id='word_1_21' title='bbox 72 550 160 616; x_wconf 78' lang='lat' dir='ltr'>„ac</span> <span class='ocrx_word' id='word_1_22' title='bbox 189 525 513 604; x_wconf 87' lang='lat' dir='ltr'>Reuerendislimae</span> <span class='ocrx_word' id='word_1_23' title='bbox 551 527 782 604; x_wconf 83' lang='lat' dir='ltr'>Celsrtudinis</span> <span class='ocrx_word' id='word_1_24' title='bbox 803 530 946 606; x_wconf 74' lang='lat' dir='ltr'>uestrae</span> <span class='ocrx_word' id='word_1_25' title='bbox 981 531 1160 615; x_wconf 80' lang='lat' dir='ltr'>Litteras,</span> <span class='ocrx_word' id='word_1_26' title='bbox 1199 530 1313 627; x_wconf 89' lang='lat' dir='ltr'>elapso</span> <span class='ocrx_word' id='word_1_27' title='bbox 1352 531 1484 615; x_wconf 85' lang='lat' dir='ltr'>mense·</span> <span class='ocrx_word' id='word_1_28' title='bbox 1503 527 1709 628; x_wconf 77' lang='lat' dir='ltr'>Septembri</span> 
     </span>
     <span class='ocr_line' id='line_1_5' title="bbox 69 648 1734 747; baseline 0.001 -24"><span class='ocrx_word' id='word_1_29' title='bbox 69 648 165 734; x_wconf 81' lang='lat' dir='ltr'>„ad</span> <span class='ocrx_word' id='word_1_30' title='bbox 189 670 250 722; x_wconf 86' lang='lat' dir='ltr'>me</span> <span class='ocrx_word' id='word_1_31' title='bbox 275 649 401 732; x_wconf 86' lang='lat' dir='ltr'>datas,</span> <span class='ocrx_word' id='word_1_32' title='bbox 434 671 501 736; x_wconf 88' lang='lat' dir='ltr'>ea,</span> <span class='ocrx_word' id='word_1_33' title='bbox 536 665 609 746; x_wconf 85' lang='lat' dir='ltr'>qua</span> <span class='ocrx_word' id='word_1_34' title='bbox 628 648 752 724; x_wconf 82' lang='lat' dir='ltr'>decuit</span> <span class='ocrx_word' id='word_1_35' title='bbox 779 649 1001 731; x_wconf 84' lang='lat' dir='ltr'>reuerentia,</span> <span class='ocrx_word' id='word_1_36' title='bbox 1026 648 1168 746; x_wconf 85' lang='lat' dir='ltr'>accepi,</span> <span class='ocrx_word' id='word_1_37' title='bbox 1199 648 1560 747; x_wconf 81' lang='lat' dir='ltr'>paratusquellatim</span> <span class='ocrx_word' id='word_1_38' title='bbox 1586 671 1734 736; x_wconf 82' lang='lat' dir='ltr'>eram,-</span> 
     </span>
     <span class='ocr_line' id='line_1_6' title="bbox 66 764 1706 861; baseline 0.002 -22"><span class='ocrx_word' id='word_1_39' title='bbox 66 767 280 861; x_wconf 74' lang='lat' dir='ltr'>„ejusdem</span> <span class='ocrx_word' id='word_1_40' title='bbox 306 765 526 842; x_wconf 90' lang='lat' dir='ltr'>celsrtudinis</span> <span class='ocrx_word' id='word_1_41' title='bbox 554 767 687 847; x_wconf 80' lang='lat' dir='ltr'>rellrae</span> <span class='ocrx_word' id='word_1_42' title='bbox 718 767 904 844; x_wconf 80' lang='lat' dir='ltr'>Voluntati</span> <span class='ocrx_word' id='word_1_43' title='bbox 932 768 1153 853; x_wconf 82' lang='lat' dir='ltr'>satisfacere,</span> <span class='ocrx_word' id='word_1_44' title='bbox 1189 770 1226 844; x_wconf 85' lang='lat' dir='ltr'>dt</span> <span class='ocrx_word' id='word_1_45' title='bbox 1246 768 1576 845; x_wconf 77' lang='lat' dir='ltr'>nostrumsratrem</span> <span class='ocrx_word' id='word_1_46' title='bbox 1596 764 1706 843; x_wconf 81' lang='lat' dir='ltr'>Eber-</span> 
     </span>
     <span class='ocr_line' id='line_1_7' title="bbox 63 878 1705 985; baseline -0.001 -25"><span class='ocrx_word' id='word_1_47' title='bbox 63 885 251 970; x_wconf 73' lang='lat' dir='ltr'>,lardum</span> <span class='ocrx_word' id='word_1_48' title='bbox 268 878 409 985; x_wconf 77' lang='lat' dir='ltr'>Amstud</span> <span class='ocrx_word' id='word_1_49' title='bbox 423 885 470 958; x_wconf 76' lang='lat' dir='ltr'>uli</span> <span class='ocrx_word' id='word_1_50' title='bbox 478 883 626 983; x_wconf 83' lang='lat' dir='ltr'>sororem</span> <span class='ocrx_word' id='word_1_51' title='bbox 636 884 754 983; x_wconf 75' lang='lat' dir='ltr'>saturn,</span> <span class='ocrx_word' id='word_1_52' title='bbox 776 899 882 980; x_wconf 88' lang='lat' dir='ltr'>prout</span> <span class='ocrx_word' id='word_1_53' title='bbox 896 886 1053 983; x_wconf 85' lang='lat' dir='ltr'>petitum</span> <span class='ocrx_word' id='word_1_54' title='bbox 1068 883 1136 972; x_wconf 81' lang='lat' dir='ltr'>uli,</span> <span class='ocrx_word' id='word_1_55' title='bbox 1163 885 1331 968; x_wconf 68' lang='lat' dir='ltr'>mitteret</span> <span class='ocrx_word' id='word_1_56' title='bbox 1355 888 1414 962; x_wconf 82' lang='lat' dir='ltr'>secl</span> <span class='ocrx_word' id='word_1_57' title='bbox 1433 889 1522 962; x_wconf 85' lang='lat' dir='ltr'>dum</span> <span class='ocrx_word' id='word_1_58' title='bbox 1540 885 1705 969; x_wconf 74' lang='lat' dir='ltr'>ltinerlS,</span> 
     </span>
     <span class='ocr_line' id='line_1_8' title="bbox 61 1001 1706 1104; baseline 0.001 -25"><span class='ocrx_word' id='word_1_59' title='bbox 61 1002 281 1100; x_wconf 82' lang='lat' dir='ltr'>„ejusdem</span> <span class='ocrx_word' id='word_1_60' title='bbox 308 1001 445 1078; x_wconf 80' lang='lat' dir='ltr'>Fratris</span> <span class='ocrx_word' id='word_1_61' title='bbox 474 1002 602 1087; x_wconf 78' lang='lat' dir='ltr'>noun,</span> <span class='ocrx_word' id='word_1_62' title='bbox 657 1019 767 1101; x_wconf 87' lang='lat' dir='ltr'>atque</span> <span class='ocrx_word' id='word_1_63' title='bbox 797 1003 885 1078; x_wconf 91' lang='lat' dir='ltr'>alias</span> <span class='ocrx_word' id='word_1_64' title='bbox 918 1015 1101 1101; x_wconf 87' lang='lat' dir='ltr'>praeterea</span> <span class='ocrx_word' id='word_1_65' title='bbox 1129 1004 1358 1080; x_wconf 89' lang='lat' dir='ltr'>conditiones</span> <span class='ocrx_word' id='word_1_66' title='bbox 1386 1004 1550 1104; x_wconf 83' lang='lat' dir='ltr'>respicio,</span> <span class='ocrx_word' id='word_1_67' title='bbox 1598 1025 1706 1099; x_wconf 83' lang='lat' dir='ltr'>cogor</span> 
     </span>
     <span class='ocr_line' id='line_1_9' title="bbox 60 1119 1704 1223; baseline -0.001 -24"><span class='ocrx_word' id='word_1_68' title='bbox 60 1144 172 1212; x_wconf 86' lang='lat' dir='ltr'>„me</span> <span class='ocrx_word' id='word_1_69' title='bbox 204 1119 384 1197; x_wconf 79' lang='lat' dir='ltr'>excusare.</span> <span class='ocrx_word' id='word_1_70' title='bbox 460 1120 682 1197; x_wconf 86' lang='lat' dir='ltr'>Habitamus</span> <span class='ocrx_word' id='word_1_71' title='bbox 715 1121 775 1196; x_wconf 87' lang='lat' dir='ltr'>hic</span> <span class='ocrx_word' id='word_1_72' title='bbox 805 1120 843 1199; x_wconf 89' lang='lat' dir='ltr'>in</span> <span class='ocrx_word' id='word_1_73' title='bbox 875 1136 1039 1199; x_wconf 86' lang='lat' dir='ltr'>extrema</span> <span class='ocrx_word' id='word_1_74' title='bbox 1072 1122 1229 1211; x_wconf 87' lang='lat' dir='ltr'>Sueuia,</span> <span class='ocrx_word' id='word_1_75' title='bbox 1273 1138 1314 1203; x_wconf 85' lang='lat' dir='ltr'>vt</span> <span class='ocrx_word' id='word_1_76' title='bbox 1338 1125 1489 1223; x_wconf 83' lang='lat' dir='ltr'>proinde</span> <span class='ocrx_word' id='word_1_77' title='bbox 1507 1123 1704 1218; x_wconf 76' lang='lat' dir='ltr'>longissime</span> 
     </span>
     <span class='ocr_line' id='line_1_10' title="bbox 60 1240 1706 1341; baseline -0.001 -21"><span class='ocrx_word' id='word_1_78' title='bbox 60 1242 311 1329; x_wconf 74' lang='lat' dir='ltr'>„diliemnst</span> <span class='ocrx_word' id='word_1_79' title='bbox 344 1241 601 1317; x_wconf 87' lang='lat' dir='ltr'>transeundum</span> <span class='ocrx_word' id='word_1_80' title='bbox 634 1240 720 1315; x_wconf 88' lang='lat' dir='ltr'>esset</span> <span class='ocrx_word' id='word_1_81' title='bbox 747 1263 813 1337; x_wconf 88' lang='lat' dir='ltr'>per</span> <span class='ocrx_word' id='word_1_82' title='bbox 845 1242 959 1318; x_wconf 83' lang='lat' dir='ltr'>mults</span> <span class='ocrx_word' id='word_1_83' title='bbox 985 1245 1023 1321; x_wconf 83' lang='lat' dir='ltr'>lic</span> <span class='ocrx_word' id='word_1_84' title='bbox 1054 1242 1152 1316; x_wconf 83' lang='lat' dir='ltr'>varia</span> <span class='ocrx_word' id='word_1_85' title='bbox 1178 1243 1259 1318; x_wconf 85' lang='lat' dir='ltr'>loca</span> <span class='ocrx_word' id='word_1_86' title='bbox 1285 1243 1491 1324; x_wconf 67' lang='lat' dir='ltr'>baereticae</span> <span class='ocrx_word' id='word_1_87' title='bbox 1528 1252 1590 1339; x_wconf 70' lang='lat' dir='ltr'>adr</span> <span class='ocrx_word' id='word_1_88' title='bbox 1613 1267 1706 1341; x_wconf 91' lang='lat' dir='ltr'>quo·</span> 
     </span>
     <span class='ocr_line' id='line_1_11' title="bbox 58 1358 1702 1461; baseline 0.001 -25"><span class='ocrx_word' id='word_1_89' title='bbox 58 1384 181 1461; x_wconf 82' lang='lat' dir='ltr'>„que</span> <span class='ocrx_word' id='word_1_90' title='bbox 209 1361 251 1435; x_wconf 87' lang='lat' dir='ltr'>in</span> <span class='ocrx_word' id='word_1_91' title='bbox 285 1359 464 1461; x_wconf 75' lang='lat' dir='ltr'>aliquibus</span> <span class='ocrx_word' id='word_1_92' title='bbox 494 1358 584 1436; x_wconf 88' lang='lat' dir='ltr'>locis</span> <span class='ocrx_word' id='word_1_93' title='bbox 613 1359 766 1437; x_wconf 78' lang='lat' dir='ltr'>inseuos</span> <span class='ocrx_word' id='word_1_94' title='bbox 798 1359 867 1444; x_wconf 72' lang='lat' dir='ltr'>elia</span> <span class='ocrx_word' id='word_1_95' title='bbox 908 1361 1077 1459; x_wconf 82' lang='lat' dir='ltr'>inprimis</span> <span class='ocrx_word' id='word_1_96' title='bbox 1101 1385 1191 1437; x_wconf 86' lang='lat' dir='ltr'>xero</span> <span class='ocrx_word' id='word_1_97' title='bbox 1213 1376 1414 1439; x_wconf 83' lang='lat' dir='ltr'>metuerem</span> <span class='ocrx_word' id='word_1_98' title='bbox 1445 1360 1582 1458; x_wconf 85' lang='lat' dir='ltr'>spiritui</span> <span class='ocrx_word' id='word_1_99' title='bbox 1616 1361 1702 1438; x_wconf 84' lang='lat' dir='ltr'>Fra·</span> 
     </span>
     <span class='ocr_line' id='line_1_12' title="bbox 59 1475 1841 1577; baseline -0.003 -18"><span class='ocrx_word' id='word_1_100' title='bbox 59 1481 177 1570; x_wconf 79' lang='lat' dir='ltr'>„tris</span> <span class='ocrx_word' id='word_1_101' title='bbox 198 1478 330 1565; x_wconf 82' lang='lat' dir='ltr'>nostri,</span> <span class='ocrx_word' id='word_1_102' title='bbox 373 1479 438 1577; x_wconf 91' lang='lat' dir='ltr'>qui</span> <span class='ocrx_word' id='word_1_103' title='bbox 466 1489 506 1556; x_wconf 78' lang='lat' dir='ltr'>rt</span> <span class='ocrx_word' id='word_1_104' title='bbox 534 1480 595 1554; x_wconf 85' lang='lat' dir='ltr'>est·</span> <span class='ocrx_word' id='word_1_105' title='bbox 618 1478 784 1575; x_wconf 74' lang='lat' dir='ltr'>iuuenis,</span> <span class='ocrx_word' id='word_1_106' title='bbox 819 1475 873 1553; x_wconf 85' lang='lat' dir='ltr'>ita</span> <span class='ocrx_word' id='word_1_107' title='bbox 910 1478 948 1553; x_wconf 91' lang='lat' dir='ltr'>in</span> <span class='ocrx_word' id='word_1_108' title='bbox 983 1490 1040 1556; x_wconf 91' lang='lat' dir='ltr'>tot</span> <span class='ocrx_word' id='word_1_109' title='bbox 1066 1479 1236 1574; x_wconf 85' lang='lat' dir='ltr'>periculis</span> <span class='ocrx_word' id='word_1_110' title='bbox 1253 1506 1297 1556; x_wconf 89' lang='lat' dir='ltr'>ac</span> <span class='ocrx_word' id='word_1_111' title='bbox 1325 1479 1431 1558; x_wconf 87' lang='lat' dir='ltr'>malis</span> <span class='ocrx_word' id='word_1_112' title='bbox 1457 1479 1701 1558; x_wconf 78' lang='lat' dir='ltr'>occasionibus</span> <span class='ocrx_word' id='word_1_113' title='bbox 1837 1534 1841 1553; x_wconf 88' lang='lat'><strong><em>.</em></strong></span> 
     </span>
     <span class='ocr_line' id='line_1_13' title="bbox 59 1595 1702 1696; baseline -0.002 -16"><span class='ocrx_word' id='word_1_114' title='bbox 59 1599 217 1691; x_wconf 81' lang='lat' dir='ltr'>„facile</span> <span class='ocrx_word' id='word_1_115' title='bbox 243 1596 527 1696; x_wconf 79' lang='lat' dir='ltr'>periclitaretur,</span> <span class='ocrx_word' id='word_1_116' title='bbox 568 1597 786 1695; x_wconf 77' lang='lat' dir='ltr'>sentiretque</span> <span class='ocrx_word' id='word_1_117' title='bbox 812 1597 875 1672; x_wconf 91' lang='lat' dir='ltr'>diu</span> <span class='ocrx_word' id='word_1_118' title='bbox 903 1595 1023 1694; x_wconf 87' lang='lat' dir='ltr'>postea</span> <span class='ocrx_word' id='word_1_119' title='bbox 1048 1597 1305 1679; x_wconf 78' lang='lat' dir='ltr'>desolationem</span> <span class='ocrx_word' id='word_1_120' title='bbox 1337 1624 1380 1675; x_wconf 84' lang='lat' dir='ltr'>ac</span> <span class='ocrx_word' id='word_1_121' title='bbox 1416 1598 1702 1687; x_wconf 78' lang='lat' dir='ltr'>distrusiionem,</span> 
     </span>
     <span class='ocr_line' id='line_1_14' title="bbox 60 1715 1700 1816; baseline -0.002 -18"><span class='ocrx_word' id='word_1_122' title='bbox 60 1720 223 1810; x_wconf 83' lang='lat' dir='ltr'>„etiarn</span> <span class='ocrx_word' id='word_1_123' title='bbox 239 1740 328 1794; x_wconf 37' lang='lat' dir='ltr'>*cum</span> <span class='ocrx_word' id='word_1_124' title='bbox 347 1717 499 1794; x_wconf 83' lang='lat' dir='ltr'>aliorum</span> <span class='ocrx_word' id='word_1_125' title='bbox 526 1715 841 1793; x_wconf 54' lang='lat' dir='ltr'>deindeaeFratmm</span> <span class='ocrx_word' id='word_1_126' title='bbox 866 1738 1031 1792; x_wconf 89' lang='lat' dir='ltr'>meorum</span> <span class='ocrx_word' id='word_1_127' title='bbox 1056 1717 1300 1797; x_wconf 85' lang='lat' dir='ltr'>incommodo.</span> <span class='ocrx_word' id='word_1_128' title='bbox 1349 1721 1391 1796; x_wconf 85' lang='lat' dir='ltr'>ln</span> <span class='ocrx_word' id='word_1_129' title='bbox 1412 1731 1514 1796; x_wconf 89' lang='lat' dir='ltr'>tanta</span> <span class='ocrx_word' id='word_1_130' title='bbox 1541 1717 1700 1816; x_wconf 84' lang='lat' dir='ltr'>Spiritus</span> 
     </span>
     <span class='ocr_line' id='line_1_15' title="bbox 64 1833 1697 1937; baseline -0.002 -20"><span class='ocrx_word' id='word_1_131' title='bbox 64 1838 231 1931; x_wconf 81' lang='lat' dir='ltr'>„adhuc</span> <span class='ocrx_word' id='word_1_132' title='bbox 259 1838 300 1915; x_wconf 80' lang='lat' dir='ltr'>dt</span> <span class='ocrx_word' id='word_1_133' title='bbox 322 1836 537 1934; x_wconf 84' lang='lat' dir='ltr'>Disciplinae</span> <span class='ocrx_word' id='word_1_134' title='bbox 562 1833 829 1919; x_wconf 83' lang='lat' dir='ltr'>teneritudine,</span> <span class='ocrx_word' id='word_1_135' title='bbox 852 1859 927 1911; x_wconf 86' lang='lat' dir='ltr'>non</span> <span class='ocrx_word' id='word_1_136' title='bbox 944 1835 1062 1912; x_wconf 84' lang='lat' dir='ltr'>audeo</span> <span class='ocrx_word' id='word_1_137' title='bbox 1087 1836 1218 1926; x_wconf 87' lang='lat' dir='ltr'>sidere,</span> <span class='ocrx_word' id='word_1_138' title='bbox 1245 1860 1291 1914; x_wconf 83' lang='lat' dir='ltr'>ac</span> <span class='ocrx_word' id='word_1_139' title='bbox 1314 1839 1470 1937; x_wconf 88' lang='lat' dir='ltr'>proinde</span> <span class='ocrx_word' id='word_1_140' title='bbox 1480 1863 1609 1937; x_wconf 86' lang='lat' dir='ltr'>omnes</span> <span class='ocrx_word' id='word_1_141' title='bbox 1636 1860 1697 1914; x_wconf 83' lang='lat' dir='ltr'>oc·</span> 
     </span>
     <span class='ocr_line' id='line_1_16' title="bbox 67 1951 1697 2055; baseline 0 -20"><span class='ocrx_word' id='word_1_142' title='bbox 67 1954 269 2049; x_wconf 63' lang='lat' dir='ltr'>„canona</span> <span class='ocrx_word' id='word_1_143' title='bbox 287 1955 408 2033; x_wconf 60' lang='lat' dir='ltr'>»malas</span> <span class='ocrx_word' id='word_1_144' title='bbox 432 1968 574 2053; x_wconf 88' lang='lat' dir='ltr'>oportet</span> <span class='ocrx_word' id='word_1_145' title='bbox 595 1951 821 2051; x_wconf 84' lang='lat' dir='ltr'>praecidere,</span> <span class='ocrx_word' id='word_1_146' title='bbox 841 1951 880 2029; x_wconf 75' lang='grc' dir='ltr'>δι</span> <span class='ocrx_word' id='word_1_147' title='bbox 900 1951 1056 2044; x_wconf 78' lang='lat' dir='ltr'>cauere,</span> <span class='ocrx_word' id='word_1_148' title='bbox 1070 1979 1118 2031; x_wconf 89' lang='lat' dir='ltr'>ne</span> <span class='ocrx_word' id='word_1_149' title='bbox 1139 1959 1189 2032; x_wconf 86' lang='lat' dir='ltr'>ad</span> <span class='ocrx_word' id='word_1_150' title='bbox 1214 1956 1384 2055; x_wconf 81' lang='lat' dir='ltr'>antiquas</span> <span class='ocrx_word' id='word_1_151' title='bbox 1399 1957 1558 2035; x_wconf 86' lang='lat' dir='ltr'>miserias</span> <span class='ocrx_word' id='word_1_152' title='bbox 1572 1959 1697 2051; x_wconf 81' lang='lat' dir='ltr'>redea-</span> 
     </span>
     <span class='ocr_line' id='line_1_17' title="bbox 75 2058 1698 2173; baseline 0.001 -19"><span class='ocrx_word' id='word_1_153' title='bbox 75 2088 187 2168; x_wconf 82' lang='lat' dir='ltr'>„tur.</span> <span class='ocrx_word' id='word_1_154' title='bbox 242 2058 311 2153; x_wconf 76' lang='lat' dir='ltr'>Oro</span> <span class='ocrx_word' id='word_1_155' title='bbox 331 2077 442 2173; x_wconf 86' lang='lat' dir='ltr'>igitur</span> <span class='ocrx_word' id='word_1_156' title='bbox 475 2073 671 2151; x_wconf 86' lang='lat' dir='ltr'>humilliter</span> <span class='ocrx_word' id='word_1_157' title='bbox 702 2070 962 2151; x_wconf 72' lang='lat' dir='ltr'>illustrissimam</span> <span class='ocrx_word' id='word_1_158' title='bbox 991 2097 1035 2151; x_wconf 88' lang='lat' dir='ltr'>ac</span> <span class='ocrx_word' id='word_1_159' title='bbox 1053 2077 1406 2161; x_wconf 62' lang='lat' dir='ltr'>,Reuerenaiffimam</span> <span class='ocrx_word' id='word_1_160' title='bbox 1438 2077 1698 2161; x_wconf 66' lang='lat' dir='ltr'>celsitudinem</span> 
     </span>
     <span class='ocr_line' id='line_1_18' title="bbox 73 2192 1698 2289; baseline -0.001 -15"><span class='ocrx_word' id='word_1_161' title='bbox 73 2208 152 2289; x_wconf 79' lang='lat' dir='ltr'>„st</span> <span class='ocrx_word' id='word_1_162' title='bbox 175 2194 274 2272; x_wconf 80' lang='lat' dir='ltr'>lame</span> <span class='ocrx_word' id='word_1_163' title='bbox 293 2218 426 2273; x_wconf 82' lang='lat' dir='ltr'>meam</span> <span class='ocrx_word' id='word_1_164' title='bbox 440 2193 720 2271; x_wconf 80' lang='lat' dir='ltr'>Excusationem</span> <span class='ocrx_word' id='word_1_165' title='bbox 745 2192 829 2270; x_wconf 88' lang='lat' dir='ltr'>boni</span> <span class='ocrx_word' id='word_1_166' title='bbox 853 2193 1024 2271; x_wconf 85' lang='lat' dir='ltr'>consulat.</span> <span class='ocrx_word' id='word_1_167' title='bbox 1087 2196 1218 2274; x_wconf 88' lang='lat' dir='ltr'>Precor</span> <span class='ocrx_word' id='word_1_168' title='bbox 1240 2198 1362 2275; x_wconf 91' lang='lat' dir='ltr'>eidem</span> <span class='ocrx_word' id='word_1_169' title='bbox 1386 2224 1409 2275; x_wconf 92' lang='lat' dir='ltr'>a</span> <span class='ocrx_word' id='word_1_170' title='bbox 1433 2199 1592 2276; x_wconf 88' lang='lat' dir='ltr'>Domino</span> <span class='ocrx_word' id='word_1_171' title='bbox 1616 2198 1698 2274; x_wconf 85' lang='lat' dir='ltr'>Deo</span> 
     </span>
     <span class='ocr_line' id='line_1_19' title="bbox 73 2300 1695 2424; baseline 0 -30"><span class='ocrx_word' id='word_1_172' title='bbox 73 2315 287 2416; x_wconf 77' lang='lat' dir='ltr'>,copiosam</span> <span class='ocrx_word' id='word_1_173' title='bbox 306 2319 346 2395; x_wconf 83' lang='lat' dir='ltr'>dc</span> <span class='ocrx_word' id='word_1_174' title='bbox 364 2315 524 2413; x_wconf 83' lang='lat' dir='ltr'>corporis</span> <span class='ocrx_word' id='word_1_175' title='bbox 540 2312 706 2391; x_wconf 83' lang='lat' dir='ltr'>&amp;animi</span> <span class='ocrx_word' id='word_1_176' title='bbox 728 2313 902 2395; x_wconf 65' lang='lat' dir='ltr'>salutem</span> <span class='ocrx_word' id='word_1_177' title='bbox 936 2317 975 2393; x_wconf 81' lang='lat' dir='ltr'>dt</span> <span class='ocrx_word' id='word_1_178' title='bbox 1003 2300 1125 2392; x_wconf 85' lang='lat' dir='ltr'>denuo</span> <span class='ocrx_word' id='word_1_179' title='bbox 1144 2302 1250 2420; x_wconf 75' lang='lat' dir='ltr'>peti),</span> <span class='ocrx_word' id='word_1_180' title='bbox 1262 2333 1381 2424; x_wconf 12' lang='lat' dir='ltr'>‘utrae</span> <span class='ocrx_word' id='word_1_181' title='bbox 1404 2343 1600 2418; x_wconf 82' lang='lat' dir='ltr'>meumque</span> <span class='ocrx_word' id='word_1_182' title='bbox 1615 2319 1695 2395; x_wconf 85' lang='lat' dir='ltr'>Mo·</span> 
     </span>
     <span class='ocr_line' id='line_1_20' title="bbox 76 2433 1695 2535; baseline 0.001 -21"><span class='ocrx_word' id='word_1_183' title='bbox 76 2436 301 2528; x_wconf 72' lang='lat' dir='ltr'>,musterium</span> <span class='ocrx_word' id='word_1_184' title='bbox 315 2434 628 2512; x_wconf 79' lang='lat' dir='ltr'>Commendatum</span> <span class='ocrx_word' id='word_1_185' title='bbox 651 2436 795 2513; x_wconf 86' lang='lat' dir='ltr'>habeat.</span> <span class='ocrx_word' id='word_1_186' title='bbox 860 2433 1016 2513; x_wconf 78' lang='lat' dir='ltr'>Vicissim</span> <span class='ocrx_word' id='word_1_187' title='bbox 1053 2433 1165 2513; x_wconf 82' lang='lat' dir='ltr'>offero</span> <span class='ocrx_word' id='word_1_188' title='bbox 1191 2437 1407 2535; x_wconf 81' lang='lat' dir='ltr'>paratiliima</span> <span class='ocrx_word' id='word_1_189' title='bbox 1431 2462 1514 2515; x_wconf 84' lang='lat' dir='ltr'>mea</span> <span class='ocrx_word' id='word_1_190' title='bbox 1542 2438 1695 2515; x_wconf 75' lang='lat' dir='ltr'>sennua</span> 
     </span>
     <span class='ocr_line' id='line_1_21' title="bbox 69 2552 1693 2645; baseline 0.004 -18"><span class='ocrx_word' id='word_1_191' title='bbox 69 2558 165 2645; x_wconf 71' lang='lat' dir='ltr'>,Ex</span> <span class='ocrx_word' id='word_1_192' title='bbox 187 2558 388 2637; x_wconf 79' lang='lat' dir='ltr'>Vinearum</span> <span class='ocrx_word' id='word_1_193' title='bbox 412 2554 630 2630; x_wconf 87' lang='lat' dir='ltr'>llllonallerio</span> <span class='ocrx_word' id='word_1_194' title='bbox 661 2580 720 2631; x_wconf 64' lang='grc' dir='ltr'>ιο.</span> <span class='ocrx_word' id='word_1_195' title='bbox 745 2552 907 2637; x_wconf 78' lang='lat' dir='ltr'>Oliobris</span> <span class='ocrx_word' id='word_1_196' title='bbox 934 2556 1046 2630; x_wconf 85' lang='lat' dir='ltr'>Anno</span> <span class='ocrx_word' id='word_1_197' title='bbox 1073 2562 1180 2634; x_wconf 81' lang='lat' dir='ltr'>mot.</span> <span class='ocrx_word' id='word_1_198' title='bbox 1239 2556 1551 2634; x_wconf 80' lang='lat' dir='ltr'>ssluuriffinae-ac</span> <span class='ocrx_word' id='word_1_199' title='bbox 1574 2557 1693 2633; x_wconf 86' lang='lat' dir='ltr'>Reue-</span> 
     </span>
     <span class='ocr_line' id='line_1_22' title="bbox 79 2671 1694 2772; baseline 0 -18"><span class='ocrx_word' id='word_1_200' title='bbox 79 2674 333 2764; x_wconf 83' lang='lat' dir='ltr'>,rendillirnae</span> <span class='ocrx_word' id='word_1_201' title='bbox 355 2673 584 2750; x_wconf 84' lang='lat' dir='ltr'>Celfitudinis</span> <span class='ocrx_word' id='word_1_202' title='bbox 608 2672 742 2749; x_wconf 79' lang='lat' dir='ltr'>restrae</span> <span class='ocrx_word' id='word_1_203' title='bbox 765 2673 888 2749; x_wconf 86' lang='lat' dir='ltr'>seruus</span> <span class='ocrx_word' id='word_1_204' title='bbox 916 2673 953 2748; x_wconf 92' lang='lat' dir='ltr'>in</span> <span class='ocrx_word' id='word_1_205' title='bbox 980 2671 1120 2750; x_wconf 82' lang='lat' dir='ltr'>Christo</span> <span class='ocrx_word' id='word_1_206' title='bbox 1148 2672 1189 2750; x_wconf 78' lang='lat' dir='ltr'>F.</span> <span class='ocrx_word' id='word_1_207' title='bbox 1210 2675 1388 2772; x_wconf 82' lang='lat' dir='ltr'>Georgius</span> <span class='ocrx_word' id='word_1_208' title='bbox 1407 2676 1535 2756; x_wconf 75' lang='lat' dir='ltr'>Aona</span> <span class='ocrx_word' id='word_1_209' title='bbox 1554 2674 1694 2754; x_wconf 80' lang='lat' dir='ltr'>ibidem</span> 
     </span>
     <span class='ocr_line' id='line_1_23' title="bbox 80 2791 1784 2888; baseline -0.008 -12"><span class='ocrx_word' id='word_1_210' title='bbox 80 2799 191 2888; x_wconf 76' lang='lat' dir='ltr'>,om</span> <span class='ocrx_word' id='word_1_211' title='bbox 216 2796 256 2877; x_wconf 76' lang='lat' dir='ltr'>S.</span> <span class='ocrx_word' id='word_1_212' title='bbox 276 2794 467 2874; x_wconf 83' lang='lat' dir='ltr'>Benedilti</span> <span class='ocrx_word' id='word_1_213' title='bbox 490 2791 773 2870; x_wconf 84' lang='lat' dir='ltr'>Constantieusrs</span> <span class='ocrx_word' id='word_1_214' title='bbox 794 2791 989 2870; x_wconf 82' lang='lat' dir='ltr'>Dicecesrs.</span> <span class='ocrx_word' id='word_1_215' title='bbox 1782 2816 1784 2821; x_wconf 93' lang='lat'>·</span> 
     </span>
    </p>
   </div>
   <div class='ocr_carea' id='block_1_3' title="bbox 74 3027 1849 4700">
    <p class='ocr_par' dir='ltr' id='par_1_3' title="bbox 74 3027 1849 4466">
     <span class='ocr_line' id='line_1_24' title="bbox 146 3027 1694 3131; baseline -0.006 -14"><span class='ocrx_word' id='word_1_216' title='bbox 146 3038 208 3126; x_wconf 90' lang='lat' dir='ltr'>ld,</span> <span class='ocrx_word' id='word_1_217' title='bbox 240 3035 282 3115; x_wconf 89' lang='lat' dir='ltr'>ni</span> <span class='ocrx_word' id='word_1_218' title='bbox 303 3032 427 3124; x_wconf 85' lang='lat' dir='ltr'>salim,</span> <span class='ocrx_word' id='word_1_219' title='bbox 455 3035 598 3114; x_wconf 86' lang='lat' dir='ltr'>abunde</span> <span class='ocrx_word' id='word_1_220' title='bbox 621 3028 801 3130; x_wconf 78' lang='lat' dir='ltr'>probabit,</span> <span class='ocrx_word' id='word_1_221' title='bbox 831 3033 928 3130; x_wconf 89' lang='lat' dir='ltr'>quod</span> <span class='ocrx_word' id='word_1_222' title='bbox 955 3029 1114 3131; x_wconf 86' lang='lat' dir='ltr'>superins</span> <span class='ocrx_word' id='word_1_223' title='bbox 1138 3029 1239 3110; x_wconf 85' lang='lat' dir='ltr'>dixi:</span> <span class='ocrx_word' id='word_1_224' title='bbox 1282 3027 1403 3109; x_wconf 86' lang='lat' dir='ltr'>sedulo</span> <span class='ocrx_word' id='word_1_225' title='bbox 1424 3052 1556 3130; x_wconf 87' lang='lat' dir='ltr'>nempe</span> <span class='ocrx_word' id='word_1_226' title='bbox 1578 3029 1694 3108; x_wconf 89' lang='lat' dir='ltr'>Geor·</span> 
     </span>
     <span class='ocr_line' id='line_1_25' title="bbox 77 3150 1692 3255; baseline -0.007 -20"><span class='ocrx_word' id='word_1_227' title='bbox 77 3160 175 3255; x_wconf 77' lang='lat' dir='ltr'>giam</span> <span class='ocrx_word' id='word_1_228' title='bbox 200 3159 356 3246; x_wconf 83' lang='lat' dir='ltr'>curasse,</span> <span class='ocrx_word' id='word_1_229' title='bbox 385 3168 425 3236; x_wconf 86' lang='lat' dir='ltr'>vt</span> <span class='ocrx_word' id='word_1_230' title='bbox 447 3153 551 3252; x_wconf 78' lang='lat' dir='ltr'>juxta</span> <span class='ocrx_word' id='word_1_231' title='bbox 575 3155 640 3228; x_wconf 84' lang='lat' dir='ltr'>SS.</span> <span class='ocrx_word' id='word_1_232' title='bbox 663 3152 893 3248; x_wconf 75' lang='lat' dir='ltr'>Legistatoris</span> <span class='ocrx_word' id='word_1_233' title='bbox 922 3152 1030 3228; x_wconf 85' lang='lat' dir='ltr'>nollri</span> <span class='ocrx_word' id='word_1_234' title='bbox 1059 3151 1314 3249; x_wconf 86' lang='lat' dir='ltr'>praescriptum</span> <span class='ocrx_word' id='word_1_235' title='bbox 1347 3150 1539 3226; x_wconf 82' lang='lat' dir='ltr'>Monachis</span> <span class='ocrx_word' id='word_1_236' title='bbox 1571 3150 1692 3228; x_wconf 88' lang='lat' dir='ltr'>ornnss</span> 
     </span>
     <span class='ocr_line' id='line_1_26' title="bbox 81 3269 1693 3373; baseline -0.006 -18"><span class='ocrx_word' id='word_1_237' title='bbox 81 3271 305 3357; x_wconf 84' lang='lat' dir='ltr'>abscindatur</span> <span class='ocrx_word' id='word_1_238' title='bbox 328 3277 484 3373; x_wconf 84' lang='lat' dir='ltr'>vagandi</span> <span class='ocrx_word' id='word_1_239' title='bbox 508 3275 605 3350; x_wconf 86' lang='lat' dir='ltr'>foras</span> <span class='ocrx_word' id='word_1_240' title='bbox 627 3273 783 3360; x_wconf 83' lang='lat' dir='ltr'>occasro,</span> <span class='ocrx_word' id='word_1_241' title='bbox 816 3275 852 3350; x_wconf 79' lang='lat' dir='ltr'>u</span> <span class='ocrx_word' id='word_1_242' title='bbox 878 3272 959 3345; x_wconf 85' lang='lat' dir='ltr'>sane</span> <span class='ocrx_word' id='word_1_243' title='bbox 984 3273 1168 3348; x_wconf 84' lang='lat' dir='ltr'>Nuncium</span> <span class='ocrx_word' id='word_1_244' title='bbox 1195 3273 1368 3350; x_wconf 81' lang='lat' dir='ltr'>addustas</span> <span class='ocrx_word' id='word_1_245' title='bbox 1390 3269 1596 3366; x_wconf 77' lang='lat' dir='ltr'>denegatae</span> <span class='ocrx_word' id='word_1_246' title='bbox 1623 3270 1693 3349; x_wconf 87' lang='lat' dir='ltr'>Ve-</span> 
     </span>
     <span class='ocr_line' id='line_1_27' title="bbox 77 3376 1693 3493; baseline -0.004 -18"><span class='ocrx_word' id='word_1_247' title='bbox 77 3399 157 3475; x_wconf 86' lang='lat' dir='ltr'>triae</span> <span class='ocrx_word' id='word_1_248' title='bbox 186 3376 317 3474; x_wconf 77' lang='lat' dir='ltr'>causas</span> <span class='ocrx_word' id='word_1_249' title='bbox 342 3420 418 3472; x_wconf 89' lang='lat' dir='ltr'>non</span> <span class='ocrx_word' id='word_1_250' title='bbox 447 3408 591 3471; x_wconf 83' lang='lat' dir='ltr'>tantum</span> <span class='ocrx_word' id='word_1_251' title='bbox 623 3393 801 3488; x_wconf 78' lang='lat' dir='ltr'>rejecisse,</span> <span class='ocrx_word' id='word_1_252' title='bbox 845 3391 904 3466; x_wconf 90' lang='lat' dir='ltr'>sed</span> <span class='ocrx_word' id='word_1_253' title='bbox 941 3392 1061 3490; x_wconf 88' lang='lat' dir='ltr'>potius</span> <span class='ocrx_word' id='word_1_254' title='bbox 1095 3391 1320 3488; x_wconf 86' lang='lat' dir='ltr'>adproballe,</span> <span class='ocrx_word' id='word_1_255' title='bbox 1359 3389 1419 3471; x_wconf 86' lang='lat' dir='ltr'>vel</span> <span class='ocrx_word' id='word_1_256' title='bbox 1448 3415 1507 3493; x_wconf 26' lang='lat' dir='ltr'>ex·</span> <span class='ocrx_word' id='word_1_257' title='bbox 1529 3390 1693 3489; x_wconf 88' lang='lat' dir='ltr'>sequenti</span> 
     </span>
     <span class='ocr_line' id='line_1_28' title="bbox 77 3508 1817 3617; baseline -0.007 -20"><span class='ocrx_word' id='word_1_258' title='bbox 77 3515 185 3616; x_wconf 74' lang='lat' dir='ltr'>ipms</span> <span class='ocrx_word' id='word_1_259' title='bbox 213 3519 370 3617; x_wconf 79' lang='lat' dir='ltr'>Epistola</span> <span class='ocrx_word' id='word_1_260' title='bbox 401 3515 668 3610; x_wconf 78' lang='lat' dir='ltr'>intelligemus:</span> <span class='ocrx_word' id='word_1_261' title='bbox 710 3512 847 3613; x_wconf 75' lang='lat' dir='ltr'>illustris</span> <span class='ocrx_word' id='word_1_262' title='bbox 869 3511 909 3588; x_wconf 60' lang='lat' dir='ltr'>ii</span> <span class='ocrx_word' id='word_1_263' title='bbox 932 3510 1196 3612; x_wconf 70' lang='lat' dir='ltr'>Reuermdiffime</span> <span class='ocrx_word' id='word_1_264' title='bbox 1219 3514 1262 3610; x_wconf 87' lang='lat' dir='ltr'>s)</span> <span class='ocrx_word' id='word_1_265' title='bbox 1285 3515 1321 3586; x_wconf 81' lang='lat' dir='ltr'>iu</span> <span class='ocrx_word' id='word_1_266' title='bbox 1349 3511 1478 3614; x_wconf 74' lang='lat' dir='ltr'>Christo</span> <span class='ocrx_word' id='word_1_267' title='bbox 1498 3512 1619 3600; x_wconf 83' lang='lat' dir='ltr'>Pater,</span> <span class='ocrx_word' id='word_1_268' title='bbox 1651 3508 1694 3588; x_wconf 65' lang='lat' dir='ltr'>is</span> <span class='ocrx_word' id='word_1_269' title='bbox 1791 3576 1817 3592; x_wconf 68' lang='grc'>,.</span> 
     </span>
     <span class='ocr_line' id='line_1_29' title="bbox 79 3630 1690 3739; baseline -0.004 -22"><span class='ocrx_word' id='word_1_270' title='bbox 79 3640 219 3717; x_wconf 81' lang='lat' dir='ltr'>Domine</span> <span class='ocrx_word' id='word_1_271' title='bbox 243 3630 541 3739; x_wconf 78' lang='lat' dir='ltr'>oisemondiffmre:</span> <span class='ocrx_word' id='word_1_272' title='bbox 568 3634 675 3722; x_wconf 60' lang='lat' dir='ltr'>‚dicet</span> <span class='ocrx_word' id='word_1_273' title='bbox 697 3658 740 3709; x_wconf 82' lang='lat' dir='ltr'>ex</span> <span class='ocrx_word' id='word_1_274' title='bbox 764 3633 886 3708; x_wconf 75' lang='lat' dir='ltr'>litteris</span> <span class='ocrx_word' id='word_1_275' title='bbox 908 3633 1029 3709; x_wconf 83' lang='lat' dir='ltr'>Patris</span> <span class='ocrx_word' id='word_1_276' title='bbox 1048 3631 1186 3708; x_wconf 78' lang='lat' dir='ltr'>silicolus</span> <span class='ocrx_word' id='word_1_277' title='bbox 1210 3631 1435 3728; x_wconf 83' lang='lat' dir='ltr'>percepissem</span> <span class='ocrx_word' id='word_1_278' title='bbox 1457 3630 1690 3715; x_wconf 83' lang='lat' dir='ltr'>Reuerendis·</span> 
     </span>
     <span class='ocr_line' id='line_1_30' title="bbox 78 3748 1689 3847; baseline -0.006 -10"><span class='ocrx_word' id='word_1_279' title='bbox 78 3762 215 3847; x_wconf 81' lang='lat' dir='ltr'>„fimae</span> <span class='ocrx_word' id='word_1_280' title='bbox 246 3759 391 3838; x_wconf 78' lang='lat' dir='ltr'>restrae·</span> <span class='ocrx_word' id='word_1_281' title='bbox 413 3753 646 3834; x_wconf 83' lang='lat' dir='ltr'>Patemitatis</span> <span class='ocrx_word' id='word_1_282' title='bbox 675 3753 807 3830; x_wconf 85' lang='lat' dir='ltr'>ilatum</span> <span class='ocrx_word' id='word_1_283' title='bbox 840 3755 877 3832; x_wconf 84' lang='lat' dir='ltr'>dc</span> <span class='ocrx_word' id='word_1_284' title='bbox 915 3751 1225 3838; x_wconf 85' lang='lat' dir='ltr'>incolumitatem,</span> <span class='ocrx_word' id='word_1_285' title='bbox 1267 3748 1530 3844; x_wconf 82' lang='lat' dir='ltr'>jucundissimae</span> <span class='ocrx_word' id='word_1_286' title='bbox 1565 3763 1689 3828; x_wconf 83' lang='lat' dir='ltr'>tamen</span> 
     </span>
     <span class='ocr_line' id='line_1_31' title="bbox 80 3865 1849 3980; baseline -0.006 -22"><span class='ocrx_word' id='word_1_287' title='bbox 80 3880 198 3969; x_wconf 81' lang='lat' dir='ltr'>,milri</span> <span class='ocrx_word' id='word_1_288' title='bbox 229 3879 439 3980; x_wconf 80' lang='lat' dir='ltr'>acciderunt</span> <span class='ocrx_word' id='word_1_289' title='bbox 466 3876 608 3979; x_wconf 81' lang='lat' dir='ltr'>litterae</span> <span class='ocrx_word' id='word_1_290' title='bbox 642 3874 745 3958; x_wconf 86' lang='lat' dir='ltr'>suae,</span> <span class='ocrx_word' id='word_1_291' title='bbox 764 3872 910 3972; x_wconf 86' lang='lat' dir='ltr'>¹quippe</span> <span class='ocrx_word' id='word_1_292' title='bbox 945 3895 1040 3970; x_wconf 83' lang='lat' dir='ltr'>quae</span> <span class='ocrx_word' id='word_1_293' title='bbox 1072 3870 1262 3945; x_wconf 81' lang='lat' dir='ltr'>certiorem</span> <span class='ocrx_word' id='word_1_294' title='bbox 1300 3865 1424 3945; x_wconf 85' lang='lat' dir='ltr'>salutis</span> <span class='ocrx_word' id='word_1_295' title='bbox 1441 3871 1539 3960; x_wconf 71' lang='lat' dir='ltr'>suae</span> <span class='ocrx_word' id='word_1_296' title='bbox 1577 3870 1688 3949; x_wconf 80' lang='lat' dir='ltr'>fidem</span> <span class='ocrx_word' id='word_1_297' title='bbox 1846 3920 1849 3925; x_wconf 94' lang='lat'>-</span> 
     </span>
     <span class='ocr_line' id='line_1_32' title="bbox 76 3988 1685 4089; baseline -0.008 -9"><span class='ocrx_word' id='word_1_298' title='bbox 76 4001 360 4089; x_wconf 80' lang='lat' dir='ltr'>,reddiderunt,</span> <span class='ocrx_word' id='word_1_299' title='bbox 406 4019 449 4072; x_wconf 85' lang='lat' dir='ltr'>ac</span> <span class='ocrx_word' id='word_1_300' title='bbox 488 3995 763 4082; x_wconf 81' lang='lat' dir='ltr'>confirmarunt,</span> <span class='ocrx_word' id='word_1_301' title='bbox 817 3992 858 4071; x_wconf 81' lang='lat' dir='ltr'>dt</span> <span class='ocrx_word' id='word_1_302' title='bbox 903 3992 1021 4071; x_wconf 90' lang='lat' dir='ltr'>mutui</span> <span class='ocrx_word' id='word_1_303' title='bbox 1060 3989 1195 4066; x_wconf 87' lang='lat' dir='ltr'>amoris</span> <span class='ocrx_word' id='word_1_304' title='bbox 1226 4011 1308 4085; x_wconf 81' lang='lat' dir='ltr'>erga</span> <span class='ocrx_word' id='word_1_305' title='bbox 1349 4013 1408 4064; x_wconf 90' lang='lat' dir='ltr'>me</span> <span class='ocrx_word' id='word_1_306' title='bbox 1450 3991 1497 4064; x_wconf 81' lang='lat' dir='ltr'>sni</span> <span class='ocrx_word' id='word_1_307' title='bbox 1537 3988 1685 4067; x_wconf 80' lang='lat' dir='ltr'>dulcissi-</span> 
     </span>
     <span class='ocr_line' id='line_1_33' title="bbox 75 4106 1688 4209; baseline -0.006 -12"><span class='ocrx_word' id='word_1_308' title='bbox 75 4130 207 4207; x_wconf 83' lang='lat' dir='ltr'>„mam</span> <span class='ocrx_word' id='word_1_309' title='bbox 227 4119 442 4196; x_wconf 84' lang='lat' dir='ltr'>memoriam</span> <span class='ocrx_word' id='word_1_310' title='bbox 471 4127 710 4201; x_wconf 72' lang='lat' dir='ltr'>renouarent,</span> <span class='ocrx_word' id='word_1_311' title='bbox 744 4115 818 4191; x_wconf 81' lang='lat' dir='ltr'>huc</span> <span class='ocrx_word' id='word_1_312' title='bbox 841 4106 1008 4200; x_wconf 78' lang='lat' dir='ltr'>accedit,</span> <span class='ocrx_word' id='word_1_313' title='bbox 1046 4110 1145 4209; x_wconf 89' lang='lat' dir='ltr'>quod</span> <span class='ocrx_word' id='word_1_314' title='bbox 1171 4133 1231 4193; x_wconf 87' lang='lat' dir='ltr'>me</span> <span class='ocrx_word' id='word_1_315' title='bbox 1260 4112 1307 4185; x_wconf 88' lang='lat' dir='ltr'>de</span> <span class='ocrx_word' id='word_1_316' title='bbox 1332 4110 1509 4209; x_wconf 79' lang='lat' dir='ltr'>progressu</span> <span class='ocrx_word' id='word_1_317' title='bbox 1539 4109 1688 4209; x_wconf 88' lang='lat' dir='ltr'>discipli·</span> 
     </span>
     <span class='ocr_line' id='line_1_34' title="bbox 74 4228 1687 4342; baseline -0.004 -25"><span class='ocrx_word' id='word_1_318' title='bbox 74 4240 228 4342; x_wconf 73' lang='lat' dir='ltr'>,pinnae</span> <span class='ocrx_word' id='word_1_319' title='bbox 254 4232 496 4327; x_wconf 79' lang='lat' dir='ltr'>monasticae,</span> <span class='ocrx_word' id='word_1_320' title='bbox 531 4237 757 4336; x_wconf 75' lang='lat' dir='ltr'>regularique</span> <span class='ocrx_word' id='word_1_321' title='bbox 788 4233 1034 4319; x_wconf 80' lang='lat' dir='ltr'>observantia,</span> <span class='ocrx_word' id='word_1_322' title='bbox 1069 4230 1167 4329; x_wconf 86' lang='lat' dir='ltr'>quod</span> <span class='ocrx_word' id='word_1_323' title='bbox 1195 4228 1277 4305; x_wconf 86' lang='lat' dir='ltr'>Deo</span> <span class='ocrx_word' id='word_1_324' title='bbox 1300 4228 1337 4304; x_wconf 91' lang='lat' dir='ltr'>in</span> <span class='ocrx_word' id='word_1_325' title='bbox 1372 4229 1519 4327; x_wconf 87' lang='lat' dir='ltr'>primis,</span> <span class='ocrx_word' id='word_1_326' title='bbox 1553 4232 1687 4311; x_wconf 89' lang='lat' dir='ltr'>Pietati</span> 
     </span>
     <span class='ocr_line' id='line_1_35' title="bbox 75 4340 1798 4466; baseline -0.005 -26"><span class='ocrx_word' id='word_1_327' title='bbox 75 4361 332 4466; x_wconf 74' lang='lat' dir='ltr'>,postmodm</span> <span class='ocrx_word' id='word_1_328' title='bbox 363 4380 408 4435; x_wconf 83' lang='lat' dir='ltr'>ac</span> <span class='ocrx_word' id='word_1_329' title='bbox 437 4358 527 4437; x_wconf 80' lang='lat' dir='ltr'>Zela</span> <span class='ocrx_word' id='word_1_330' title='bbox 556 4355 882 4437; x_wconf 82' lang='lat' dir='ltr'>Reuerendillimae</span> <span class='ocrx_word' id='word_1_331' title='bbox 913 4350 1148 4431; x_wconf 76' lang='lat' dir='ltr'>paternitatis</span> <span class='ocrx_word' id='word_1_332' title='bbox 1181 4340 1320 4429; x_wconf 83' lang='lat' dir='ltr'>rellrae·</span> <span class='ocrx_word' id='word_1_333' title='bbox 1348 4350 1582 4432; x_wconf 81' lang='lat' dir='ltr'>tribuendum</span> <span class='ocrx_word' id='word_1_334' title='bbox 1615 4355 1685 4443; x_wconf 84' lang='lat' dir='ltr'>est,</span> <span class='ocrx_word' id='word_1_335' title='bbox 1792 4348 1798 4385; x_wconf 95' lang='lat'>&#39;</span> 
     </span>
    </p>

    <p class='ocr_par' dir='ltr' id='par_1_4' title="bbox 110 4473 1684 4700">
     <span class='ocr_line' id='line_1_36' title="bbox 909 4473 1684 4572; baseline -0.015 -11"><span class='ocrx_word' id='word_1_336' title='bbox 909 4473 1026 4572; x_wconf 77' lang='lat' dir='ltr'>qu</span> <span class='ocrx_word' id='word_1_337' title='bbox 1335 4520 1339 4525; x_wconf 53' lang='lat'><em>»</em></span> <span class='ocrx_word' id='word_1_338' title='bbox 1604 4474 1684 4550; x_wconf 86' lang='lat' dir='ltr'>dili-</span> 
     </span>
     <span class='ocr_line' id='line_1_37' title="bbox 110 4600 889 4700; baseline -0.001 -16"><span class='ocrx_word' id='word_1_339' title='bbox 110 4604 490 4700; x_wconf 55' lang='lat' dir='ltr'>ommffim</span> <span class='ocrx_word' id='word_1_340' title='bbox 596 4600 889 4699; x_wconf 49' lang='lat' dir='ltr'>&amp;fflfflm</span> 
     </span>
    </p>
   </div>
   <div class='ocr_carea' id='block_1_4' title="bbox 0 0 1872 5160">
    <p class='ocr_par' dir='ltr' id='par_1_5' title="bbox 0 0 1872 5160">
     <span class='ocr_line' id='line_1_38' title="bbox 0 0 1872 5160; baseline 0 4"><span class='ocrx_word' id='word_1_341' title='bbox 0 0 1872 5160; x_wconf 95' lang='lat' dir='ltr'> </span> 
     </span>
    </p>
   </div>
  </div>
 </body>
</html>
