3736 5160
654 203 1078 295 mmm
1612 217 1687 295 313

117 405 190 459 nos
214 378 447 481 nostrumque
472 381 728 459 Monalterium
756 382 861 458 valde
894 382 1024 481 probo,
1069 405 1113 460 ac
1139 406 1240 472 amo,
1260 385 1317 473 ,dc
1340 365 1482 465 utinam
1515 379 1686 458 Beneuo·

92 504 163 579 rtia
190 507 228 582 dt
251 502 290 580 δι
320 504 508 590 voluntas,
538 527 662 589 mens,
696 504 864 602 inquam,
904 505 941 582 ἀ
969 501 1115 582 animus
1139 508 1198 584 ille
1223 503 1448 591 communis,
1481 501 1545 601 qui
1566 498 1686 577 omni·

92 647 113 698 s
139 623 222 698 Deo
248 622 394 700 deuotis
420 623 630 701 hominibus
641 623 765 711 ,inesse
789 623 914 706 debet,
954 622 1140 704 internos
1167 626 1398 724 nostrumque
1424 621 1685 700 Monasterium
1712 643 1714 646 ’

92 753 178 819 ntes
212 765 255 818 ac
290 744 419 820 Patres
456 748 503 822 ad
537 743 832 843 splendidilfimae
872 741 1073 838 Religionis
1106 748 1245 825 nostrae
1286 743 1503 827 &Ordinis
1548 740 1683 839 gloriae

92 862 389 964 rpliticationem,
434 864 652 966 spiritualem
678 862 998 953 commoditatem,
1033 867 1272 968 diuinumqne
1298 867 1477 946 honorem
1506 872 1682 964 perpetuo

92 998 154 1062 ret
180 989 217 1064 dc
242 984 382 1061 lloreat.
510 1040 515 1048 -
869 994 870 998 '
1380 998 1384 1002 ⁴

140 1179 341 1281 Speramus
369 1180 520 1259 omnino
546 1147 697 1256 vestram
730 1177 994 1261 Patemitatem
1027 1182 1133 1261 nobis
1160 1208 1234 1262 non
1258 1185 1370 1263 modo
1391 1183 1529 1259 bonum
1556 1143 1695 1291 instro-l

92 1326 164 1378 reon
184 1299 404 1387 missuram,
458 1299 667 1400 sed(s1cut
701 1300 916 1402 pollicetur)
974 1303 1098 1381 sedulo
1131 1307 1243 1384 etiam
1283 1318 1507 1395 curaturam,
1554 1311 1595 1379 vt
1630 1298 1693 1387 is‚.

92 1447 156 1501 em
183 1423 281 1519 apud
317 1446 384 1500 vos
416 1421 616 1510 habemus,
668 1421 707 1498 F.
739 1420 930 1525 Ruffelmon
952 1426 1000 1503 ad
1023 1405 1098 1502 ¹nos
1125 1425 1209 1503 talis
1237 1416 1433 1526 aliquando
1458 1429 1682 1506 reuertatur,
1797 1420 1822 1492 ’.

92 1543 334 1631 ivellrorum
357 1552 485 1640 opera,
510 1541 655 1620 confluo
681 1544 916 1624 &virtutum
941 1546 1107 1645 exemplo
1131 1550 1241 1646 probe
1268 1549 1416 1625 edoctus
1446 1543 1536 1619 alios
1560 1537 1682 1638 postea

92 1664 335 1744 urosfratres
358 1663 419 1741 hic
441 1664 557 1742 invia
579 1663 747 1750 virtutis,
782 1650 996 1765 diuinisque
1022 1667 1181 1766 obsequii
1207 1690 1317 1767 quam
1346 1663 1506 1745 maxime
1534 1682 1681 1760 promo·

92 1810 127 1863 re
151 1785 265 1885 possit.
316 1782 367 1859 Et
392 1807 614 1884 quamquam
638 1783 830 1863 mallemus
854 1785 980 1878 illum,
1006 1808 1117 1886 quam
1142 1790 1188 1866 R.
1212 1785 1417 1864 Paternitas
1431 1782 1546 1864 vestra
1572 1779 1679 1857 nobis

92 1905 251 1987 :cenna
278 1905 348 1993 est,
387 1916 473 1982 ante
500 1905 677 2004 paschalia
705 1905 809 1998 Festa
838 1908 886 1984 ad
909 1930 980 1985 nos
1001 1905 1144 1995 venire,
1179 1920 1302 1985 tamen
1332 1930 1417 1984 cum
1452 1915 1597 1999 tempus
1619 1899 1679 1977 iti·

93 2028 259 2128 raudbus
285 2026 325 2102 in
358 2023 466 2124 Spina
495 2025 658 2103 nmine
690 2025 863 2135 Hercynio
885 2044 997 2125 graue
1018 2030 1220 2108 admodum
1260 2030 1298 2107 dc
1329 2023 1605 2104 incommodum
1639 2019 1679 2097 id

92 2159 195 2249 opter
218 2145 357 2223 niuium
386 2146 529 2245 copiam
555 2145 594 2223 &
624 2144 849 2253 molestiam,-
876 2148 955 2228 lieri
977 2151 1040 2232 vix
1066 2151 1144 2251 pati
1167 2132 1357 2239 videatur,'
1393 2145 1501 2227 nobis
1532 2152 1678 2244 gratum

92 2268 139 2358 it,
168 2266 337 2347 lidatim
365 2265 403 2344 in
429 2266 514 2367 ipsrs
540 2264 766 2368 paschalibus
791 2267 908 2351 Feriis
939 2271 1142 2351 aduenerit.

136 2450 355 2541 Reuerendo
382 2461 588 2540 paternitas
613 2461 726 2543 vestra
753 2463 850 2546 hanc
881 2470 929 2547 de
966 2468 1072 2549 nobis
1114 2465 1295 2570 concipiat
1322 2466 1442 2567 spem,
1488 2486 1558 2541 nos
1597 2456 1678 2537 nul·

92 2612 117 2664 n
141 2608 229 2682 erga
260 2584 294 2659 se
318 2586 356 2663 dc
381 2583 639 2663 Nlonasterium
668 2590 789 2674 suum.
830 2592 929 2690 quod
954 2614 1101 2691 quoquo
1129 2593 1241 2668 modo
1278 2584 1567 2665 astudiofiffimo
1598 2581 1677 2678 ejus

92 2704 176 2786 ouis
208 2703 311 2807 pollit
345 2704 539 2817 exspesiari
582 2717 646 2782 aut
682 2707 792 2785 officii
830 2731 947 2806 genus
983 2723 1048 2787 aut
1084 2710 1190 2786 studii
1226 2706 1541 2809 praetermissuros.
1607 2700 1677 2776 Ta·

92 2826 107 2904 :'
120 2826 246 2915 Dens,
301 2837 358 2916 vt,
407 2827 504 2926 quod
543 2827 807 2905 Paternitatem
852 2828 1004 2907 vestram
1038 2851 1212 2929 perquam
1240 2827 1371 2929 cupide
1407 2828 1446 2905 dc
1467 2825 1582 2904 sande
1613 2843 1678 2896 ex·

92 2962 172 3028 tare
199 2938 384 3045 intelligo,
435 2971 564 3024 omnes
596 2945 747 3024 omnino
782 2948 1083 3028 Monalleriorum
1107 2950 1279 3029 Redones
1319 2970 1405 3025 eum
1445 2946 1486 3022 in
1528 2938 1677 3018 Ordinis
1769 2936 1775 2942 ’

92 3068 154 3149 dri
192 3067 373 3169 prolapsae
403 3067 619 3166 Disciplinae
653 3065 911 3146 restauratione
945 3070 1127 3158 animum,
1173 3090 1283 3170 quem
1311 3050 1470 3153 debent,
1507 3058 1677 3139 indefesse

112 3201 290 3290 perpetuo
315 3189 504 3288 praestent.
580 3188 682 3267 Deus
713 3189 917 3269 nobiscum.
989 3192 1109 3270 Datae
1141 3214 1164 3268 e
1199 3188 1239 3271 S.
1266 3187 1383 3291 Blofio
1412 3211 1468 3265 12.
1490 3183 1520 3261 F
1520 3180 1677 3264 ebruarii·

92 3337 158 3392 mo
184 3335 287 3409 1595·
313 3322 383 3388 etc.

136 3514 252 3609 Sexto
285 3528 438 3606 tandem
471 3523 610 3627 Aprilis
641 3526 820 3627 Georgius
854 3522 973 3607 noller
1002 3522 1040 3608 P.
1069 3525 1243 3612 Andreom
1276 3519 1437 3606 Werant
1462 3543 1497 3625 p.
1525 3528 1553 3599 t.
1580 3516 1677 3598 Sub·

92 3675 202 3734 onem
229 3653 267 3730 dc
297 3650 338 3726 P.
362 3646 536 3755 Joanncm
566 3646 688 3728 Rieber
719 3650 824 3727 audo
854 3649 901 3727 ad
940 3650 1062 3730 Nuncl
1100 3647 1317 3750 petitionem
1352 3647 1515 3727 Numero
1552 3641 1598 3717 ad
1636 3635 1676 3716 S.
1803 3694 1805 3698 -

92 3774 151 3855 atii
177 3770 435 3852 lllonasterium
460 3769 659 3867 ablegauit,
696 3767 893 3871 quamuis‚'
928 3780 969 3850 vt
994 3771 1144 3872 ipsemet
1171 3768 1309 3856 scribit,
1348 3766 1446 3843 hanc
1473 3761 1677 3844 Miffionem

92 3894 183 3979 ttius
205 3890 348 3970 differre
371 3888 506 3990 sparsus
534 3892 581 3967 de
605 3888 742 3967 exortis
765 3890 805 3969 ln
833 3890 973 3992 Assaria
995 3891 1037 3970 dt
1061 3890 1212 3996 Dioecest
1242 3885 1420 3993 Bofileenſs
1447 3881 1564 3962 turbis
1589 3904 1676 3956 com·

92 4020 149 4098 nis
174 4029 282 4092 tunwr
305 4039 355 4088 mc
375 4037 480 4114 prope
509 4009 667 4114 coigiffet.
717 4008 857 4090 Abbas·
873 4008 1142 4089 Santblalinnus
1170 4008 1415 4089 sextodecimo
1436 4001 1556 4080 llatim
1578 3997 1676 4096 ejus·

92 4164 129 4220 m
154 4132 288 4213 mensis
318 4133 378 4210 die
403 4131 499 4209 datis
522 4129 673 4210 Litteris
701 4155 766 4232 pro
797 4132 903 4211 millis
928 4131 992 4209 srbi
1012 4131 1180 4211 Patribus
1200 4128 1336 4228 gratias
1366 4126 1460 4222 agit,
1493 4141 1538 4198 eo
1554 4117 1675 4231 majo·

92 4285 102 4339 t
127 4278 204 4359 quo
229 4244 311 4353 plus
337 4253 541 4352 accepillet,
572 4275 682 4351 quarn
708 4254 886 4352 sperasset,
920 4251 1095 4353 smulque
1118 4250 1310 4350 fignificat,
1351 4245 1518 4325 miletam
1543 4233 1613 4320 elie
1635 4236 1676 4316 in

92 4375 245 4482 agundia
264 4373 360 4452 Belli
380 4373 529 4462 faciem,
561 4374 600 4454 δι
614 4374 766 4455 rusticos
786 4371 1072 4465 Hannoueronos,
1095 4392 1291 4450 numerum
1315 4362 1544 4446 nfllenmnm
1560 4359 1676 4439 sexies

92 4522 151 4599 >pe
177 4494 388 4594 implentes,
428 4494 467 4572 in
493 4520 642 4575 omnem
668 4494 794 4576 sexum
828 4497 867 4576 dt
891 4500 1051 4573 aetatem
1075 4492 1241 4571 inaudita
1267 4486 1368 4595 sane?
1414 4484 1453 4565 dc
1482 4483 1676 4587 plusquam

91 4618 181 4703 :oica
213 4616 455 4700 crudelitate
475 4617 683 4701 debachari.
754 4613 952 4705 Aduenilse
989 4614 1139 4717 quidem
1171 4616 1258 4697 ante
1284 4604 1483 4695 duodeno
1513 4604 1679 4829 ”lissa

878 4734 996 4826 Rea
1041 4776 1046 4781 ·
1585 4728 1675 4825 ἱνα·
