3736 5160
748 212 1107 336 *m*
1140 264 1147 277 '
1245 359 1250 369 ἱ
1587 216 1591 224 -
1640 360 1655 375 .
1668 267 1756 341 529·

113 428 220 506 cellit.
270 420 525 521 ingolstadium
560 434 593 506 8.
618 420 790 497 Decemb.
817 422 979 498 deditum
1004 410 1236 498 caesareanis.
1306 382 1527 532 lnBauaria
1556 425 1747 504 dieueriae·
1816 514 1846 535 Η

113 546 287 644 Legionis
317 545 608 618 caesareanorum
633 543 672 620 ἀ
696 539 964 619 foederatorum
987 541 1202 620 distributae.
1827 540 1833 549 ’

210 786 250 860 ln
281 780 467 875 Hungaria
492 776 642 854 rebelles
672 777 905 856 obtinuerunt
939 779 1157 881 Mosellam}
1198 778 1386 880 postquam
1420 779 1637 889 Conuentns
1670 782 1742 862 Le·

114 918 282 1008 gatorum
306 924 371 999 pro
395 921 483 996 pace
508 897 565 978 vel
589 912 716 994 treuga
741 920 857 976 vanus
880 898 961 976 fuit.

217 1129 273 1218 ro.
296 1139 383 1216 Dec.
416 1135 743 1235 Reuerendiffimns
776 1138 823 1212 ad
857 1136 1020 1215 Caesaris
1051 1139 1229 1232 Legatum
1265 1133 1304 1210 in
1336 1135 1508 1213 Heluetia
1539 1080 1741 1218 Dominum

117 1261 341 1342 Comitema
366 1255 664 1356 Trnutmnnsdorff
677 1257 821 1333 Badam
834 1256 1088 1335 Heluetiorum
1111 1255 1290 1356 proseitus
1304 1254 1356 1331 est
1364 1259 1414 1334 ab
1428 1237 1501 1352 ipso
1516 1268 1677 1337 vocatis
1744 1364 1753 1373 ι
1777 1245 1797 1259 κ

214 1500 273 1575 25.
299 1463 524 1553 Ornamenta
546 1470 724 1550 Ecclesiae
748 1474 895 1552 redutla
921 1477 967 1554 ab
990 1471 1129 1558 Exitio,
1161 1470 1279 1550 nutus
1303 1469 1471 1569 exposta.

127 1675 136 1687 “
212 1697 323 1773 Anno
353 1713 455 1788 17⁰5·
484 1711 541 1784 25.
567 1688 669 1766 Febr.
697 1690 775 1766 dies
800 1689 963 1765 cinemm
1009 1729 1059 1745 -
1107 1730 1157 1746 -
1205 1688 1536 1766 Reuerendiffimus
1562 1685 1744 1786 proposuit
1851 1753 1854 1757 .

117 1818 186 1896 PP.
212 1812 477 1911 Capitularibns
499 1811 543 1885 R.
570 1811 608 1910 P.
637 1809 796 1884 Priorem
820 1808 957 1908 Argiae
984 1808 1098 1884 diuitis
1124 1807 1311 1884 sollicitare
1338 1832 1402 1907 pro
1425 1807 1743 1884 confoederatione

118 1961 203 2015 cum
230 1933 347 2010 nostro
374 1916 611 2016 monasterio,
643 1928 760 2027 qualis
787 1927 884 2005 inter
909 1927 1126 2007 Monalleria
1151 1927 1452 2025 Congregationis
1477 1928 1538 2007 est.
1584 1890 1743 2024 Respon-

87 2084 90 2091 ’
117 2062 196 2135 sum
219 2051 434 2130 affinnatiue
461 2059 532 2124 etc.
1610 2077 1612 2080 ⁴

186 2242 188 2247 ’
212 2271 254 2346 ln
275 2268 346 2343 hac
372 2261 532 2342 Dioeceil
560 2260 819 2340 constantiensi
843 2262 1066 2364 publicatum
1090 2263 1143 2341 est
1162 2266 1360 2344 Decretum
1384 2264 1569 2365 Episcopi:
1605 2263 1744 2358 dispen-
1829 2249 1835 2257 ⁸

118 2390 185 2470 sari
213 2391 252 2465 in
277 2387 337 2463 esu
369 2386 532 2461 carnium
555 2407 619 2481 per
643 2406 791 2481 4omam
817 2384 866 2460 iis
889 2384 925 2460 in
949 2385 1056 2470 locis,
1090 2387 1151 2464 vbi
1172 2387 1224 2464 est
1243 2389 1439 2466 multitudo
1465 2386 1646 2493 militum,
1668 2407 1744 2461 nou

120 2514 158 2589 in
182 2510 273 2587 aliis.
342 2505 480 2580 Milites
502 2505 703 2580 Dimaclrae
735 2527 778 2578 ac
801 2503 901 2579 Duce
924 2505 1211 2601 Wirtenbergieo
1243 2532 1291 2585 err
1323 2506 1521 2585 Holrrnwr'cl
1541 2503 1745 2603 (Duellio)
1799 2533 1801 2536 ·

120 2630 210 2711 milli
236 2623 480 2706 Bacliornium
505 2622 654 2698 adrem
679 2622 920 2699 monetariam
945 2628 1209 2722 exequendam.

223 2867 254 2920 1.
280 2842 387 2919 Mart.
420 2840 465 2916 D.
495 2835 593 2915 Baro
626 2832 706 2937 Rofl
740 2829 1010 2914 commissarius
1050 2839 1244 2919 austriacns
1282 2840 1331 2918 ad
1369 2838 1527 2939 Grisoner
1560 2812 1646 2916 curri
1683 2837 1744 2916 suo
1777 2803 1785 2855 ⁵

124 2962 281 3046 asinario
307 2961 436 3059 hospes
462 2960 501 3035 in
528 2957 725 3033 Conuentu
753 2956 908 3055 pransus.

219 3173 279 3270 εἰ).
304 3179 412 3254 Mart.
436 3128 715 3270 Eripeiiabatnr
739 3173 897 3267 Legatos
919 3169 1115 3251 Caesareus
1138 3172 1273 3252 Comes
1304 3172 1602 3274 Truutmansdorff
1611 3195 1658 3248 ex
1675 3171 1749 3248 Ba·

126 3304 175 3378 da
194 3295 450 3376 Heluetiorum
476 3293 658 3385 Viennam
682 3291 910 3375 tranfiturus3
937 3294 1092 3392 ideoque
1120 3297 1158 3375 tr
1184 3295 1372 3393 Brigantio
1396 3297 1442 3373 D.
1465 3297 1601 3383 Comes
1625 3289 1748 3370 Laud·

124 3433 213 3517 uogt
237 3420 434 3516 aduerprat
457 3412 569 3490 hodie
592 3411 631 3488 in
656 3411 742 3501 aula
760 3413 920 3512 pansus

208 3644 279 3754 '24
305 3651 422 3753 April.
450 3652 493 3728 D.
517 3653 653 3728 Comes
690 3652 883 3748 Landuogt
915 3651 1064 3732 disceffit
1091 3662 1278 3753 tamquam
1318 3652 1590 3732 commissarius
1621 3646 1789 3729 Caesa-¹

124 3801 212 3857 reus
236 3797 322 3850 curn
353 3772 398 3849 D.
423 3773 567 3856 Bamne
593 3771 647 3846 Im
674 3771 758 3869 Hof
777 3772 824 3847 ad
847 3769 1059 3869 homagium
1084 3775 1234 3851 nomine
1258 3757 1485 3872 Imperatoris
1510 3776 1651 3872 (modo
1674 3773 1750 3847 Do·
1838 3854 1845 3859 ,

126 3894 220 3973 mini
247 3893 448 3993 Banariae)
473 3889 721 3986 accipiendum
752 3889 789 3966 in
821 3889 995 3969 iiirkieim
1030 3917 1052 3969 a
1084 3894 1252 3983 subditis,
1303 3896 1400 3994 qnod
1433 3905 1512 3972 erat
1536 3891 1751 3970 Dominium
1838 3892 1840 3897 ⁴

126 4015 361 4091 Maximiliaai
385 4010 501 4088 Ducis
523 4011 702 4095 Bauariae
729 4011 933 4107 (patruelis
957 4013 1122 4091 moderni
1144 4012 1317 4093 Elettoris
1340 4015 1379 4091 in
1394 4014 1568 4110 Belgium
1591 4006 1752 4113 repulsi)

125 4132 243 4232 nuper
267 4128 438 4209 deleniti.

88 4477 90 4493 .
227 4372 294 4448 2⁶.
311 4337 543 4447 Constantiae
567 4352 787 4446 consecratio
810 4367 973 4467 Episcopi
998 4365 1132 4477 joann.
1165 4303 1338 4473 Fraiasci
1369 4363 1493 4451 Scherii
1518 4365 1557 4447 dr
1579 4365 1754 4470 Stcnffiru⁴

129 4488 230 4588 berg,
268 4489 504 4569 Consecratot
533 4489 694 4567 Nuntius
727 4489 954 4587 Apostolicus
981 4490 1215 4575 Lucemensrs
1254 4491 1402 4576 Vreenzo
1436 4489 1544 4591 Bigis
1551 4514 1564 4567 .·
1603 4488 1755 4567 affisten·

129 4618 188 4684 tes
217 4607 382 4711 Episcopi
407 4604 631 4706 suffraganei
655 4608 887 4706 Augustanus
911 4613 957 4814 di
966 4606 1203 4813 ²{Vxesssrnocsn
1231 4611 1269 4695 tt
1293 4608 1574 4692 constantiensis
1599 4606 1745 4825 may
