3736 5160
584 212 595 228 ’·
653 195 1072 288 emme
1209 250 1217 264 ·
1596 130 1684 290 eia
1781 152 1784 157 ’

144 367 242 446 Haec
255 369 359 470 series
381 376 423 473 ιβ
443 374 573 472 islorum
594 368 820 460 Litterarum,
843 371 958 470 quibus
971 372 1076 473 fidene
1105 371 1329 449 odleibeudom‘
1340 384 1440 473 puto,
1472 369 1577 447 donee·
1600 370 1686 448 dier.

84 490 113 575 se
141 517 210 567 rem
237 493 361 568 clarius
384 491 555 566 edocuerit.
606 491 700 565 Deus
728 503 839 569 oenus
858 495 968 569 omniu
990 497 1025 568 in
1052 491 1284 570 decrementum
1302 491 1457 590 aduersum
1480 493 1605 591 portis,
1627 484 1669 565 si

84 617 276 688 eremorum
296 608 462 710 Ecclestae
475 610 558 709 serus
569 606 703 708 filulins
722 635 825 687 umen.

135 847 287 928 Interim
311 845 436 923 Abbas
455 843 572 921 noster
584 845 710 931 uariis,
732 855 776 924 'nt
794 846 969 935 uidimus,
994 847 1177 927 laboribus
1196 857 1306 947 atque
1321 845 1507 924 aerumnis
1520 843 1665 931 bubus,

84 967 246 1047 auiffimo
285 964 415 1061 corripi
448 963 577 1040 Morbo
612 964 749 1062 coepit,
787 988 912 1064 aquo
949 978 1074 1044 tamen
1106 964 1293 1043 communi
1330 966 1496 1042 omnium
1530 961 1666 1058 gaudio

84 1087 143 1164 eui
165 1085 360 1170 eludatur,
392 1082 530 1159 festinis
559 1084 800 1183 undequaque
835 1084 1137 1191 gratulationibus
1168 1086 1409 1162 honorabatur
1442 1085 1539 1159 inter
1574 1081 1666 1156 alios

84 1206 166 1284 :ud
198 1227 285 1281 eum
315 1200 446 1299 scripsit
490 1198 647 1305 ,Vonones
680 1197 837 1309 Jacobus
873 1203 1070 1302 Episcopus
1108 1202 1352 1282 sebastensis:
1391 1200 1593 1290 „Gritulor
1624 1202 1664 1279 dc

84 1323 217 1421 gaudeo
245 1346 295 1398 ex
318 1308 442 1397 animo
464 1331 608 1417 tempus
635 1324 816 1409 curandae
838 1322 1056 1400 valetudinis
1084 1325 1122 1401 br
1147 1322 1309 1410 finitum,
1333 1323 1371 1400 be
1395 1320 1573 1398 foeliciter
1590 1310 1664 1425 cole
1718 1369 1721 1373 ι

84 1454 230 1519 ocatum
255 1440 332 1536 (ita
353 1439 398 1515 R.
422 1439 462 1516 Ρ.
488 1439 673 1517 Balthasar
694 1440 738 1539 o)
761 1440 839 1538 lueri
862 1441 1014 1538 retudit)
1035 1439 1129 1518 faxit
1147 1432 1250 1518 Deus
1277 1439 1439 1539 optimus
1466 1436 1676 1523 maximus,

84 1561 315 1639 tconducat
343 1559 390 1632 ad
412 1557 547 1635 multos
572 1582 700 1644 annoso
768 1558 996 1638 illustrissimo⁴
1019 1560 1057 1637 dr
1088 1559 1396 1637 Reuerendillimo
1418 1558 1463 1634 D.
1487 1556 1661 1653 Episcopo

84 1693 136 1759 tc.
172 1702 266 1775 quae
296 1698 413 1774 nuper
444 1676 482 1753 in
503 1677 653 1772 negotio
687 1677 894 1754 Monasterii
923 1677 961 1756 S.
981 1677 1081 1772 ‚Petri
1110 1680 1252 1775 peratta
1278 1677 1371 1756 ultro
1395 1677 1559 1777 citroque
1580 1676 1660 1750 liue-

84 1823 126 1885 e,
152 1796 307 1874 fideliter
332 1795 450 1874 retuli.
509 1795 591 1894 Jam
612 1819 659 1870 ex
681 1794 837 1885 Consilio
858 1794 1186 1874 Reuerendillimae
1207 1795 1443 1875 Paternitatis
1461 1796 1596 1876 uestrae
1611 1795 1674 1875 ud¹
1809 1792 1820 1803 “

84 1915 223 1997 rimmo
250 1914 350 1992 diem
379 1913 531 2010 Augusti
555 1913 765 2029 inditia·est
786 1912 865 1992 dies
891 1937 955 2013 pro
978 1913 1181 1993 rationibus
1207 1938 1280 2016 quo
1299 1916 1346 1991 ad
1366 1915 1576 2014 temporalia
1588 1922 1659 1990 etc.
1767 1960 1771 1967 ,

84 2032 159 2147 ⁵9.ss
178 2034 305 2111 nidum
333 2032 586 2119 babuerimus,
618 2032 721 2108 Deus
752 2056 817 2126 per
846 2035 1193 2116 Reuerendislimam
1221 2030 1482 2113 Paternitatem
1506 2034 1659 2116 vestram

84 2152 172 2233 robis
197 2153 311 2230 etiam
336 2153 538 2250 prouidebit
571 2153 617 2230 de
641 2151 785 2252 Aquila.
848 2153 990 2236 Valeat.
1054 2154 1174 2235 Datne
1205 2153 1438 2234 Constantina
1470 2179 1530 2250 19·
1558 2149 1658 2252 Junii

84 2298 164 2356 inno
186 2276 372 2367 1611..c).

89 2509 240 2595 §Anno
265 2514 367 2606 1614
392 2508 461 2599 has
479 2506 641 2587 aPaullo
665 2444 763 2611 Papa
782 2472 827 2591 V
843 2511 982 2610 accepit
1001 2511 1185 2590 litteras:
1223 2512 1393 2600 „nirene
1411 2511 1482 2591 Fili
1503 2463 1674 2592 saturem*

84 2656 100 2711 ι
122 2630 349 2729 apostolicam
374 2627 683 2707 Beneditiionem.
733 2630 822 2706 Tuis
847 2630 887 2708 in
911 2656 980 2708 nos
1007 2631 1047 2709 δι
1077 2631 1306 2732 apostolicam
1330 2635 1451 2711 sedem
1480 2629 1582 2707 Fidei
1613 2627 1653 2705 &

84 2748 286 2847 leuotiouis
313 2745 469 2824 meritis·
482 2747 706 2835 inducimur,
731 2761 772 2827 vt
791 2749 888 2826 votis
915 2751 1008 2834 nris,
1038 2763 1217 2847 quantum
1244 2775 1328 2830 cum
1359 2752 1518 2828 Domino
1538 2746 1652 2846 pollu-

84 2892 163 2955 nus,
184 2867 337 2943 libenter
362 2889 577 2943 annuamus.
627 2866 957 2966 supplicationibus
975 2868 1099 2966 itaque
1125 2879 1190 2944 tuo
1213 2871 1363 2947 nomine
1389 2870 1506 2948 Nobis
1531 2866 1654 2949 humi·
1796 2884 1800 2888 ·

85 3004 143 3068 rer
170 2985 339 3086 pometiis
368 2984 549 3071 inclinati,
575 2985 655 3064 Tibi
673 3001 722 3065 ‘vt
743 2987 935 3063 duodecim
961 2986 1059 3073 viros
1088 2985 1305 3074 catholicos,
1332 2993 1369 3070 dr
1391 2990 1481 3064 alias
1502 2985 1653 3074 habiles,

84 3134 97 3188 r
126 3102 280 3183 idoneos
305 3104 345 3180 in
371 3105 560 3190 Notarios,
595 3107 656 3184 seu
693 3106 919 3184 Tabelliones
941 3106 1122 3203 publicos,
1153 3123 1299 3206 recepto
1328 3110 1427 3209 prius
1455 3109 1499 3184 ab
1527 3106 1582 3182 eis
1610 3098 1651 3182 in

84 3249 177 3305 uma
199 3224 300 3301 solita
327 3225 532 3319 juramento
560 3227 772 3323 auttoritate
793 3227 910 3305 nostra
929 3225 1117 3325 apostolica
1148 3225 1283 3312 facere,
1319 3233 1357 3308 de
1387 3250 1508 3305 creare
1528 3223 1651 3324 pollis,

84 3344 198 3445 piique
224 3343 386 3430 Notarii,
412 3343 472 3421 seu
500 3344 725 3424 Tabelliones
747 3372 811 3445 per
838 3361 893 3433 te,
920 3360 959 3423 vt
986 3345 1184 3442 praefatur,
1218 3347 1301 3426 fatti
1325 3346 1373 3427 'dr
1403 3347 1517 3423 creati
1550 3345 1651 3424 Nota

84 3479 190 3552 atus,
211 3463 274 3553 seu
303 3463 573 3540 Tabellionatus
605 3465 762 3544 officium
798 3489 965 3544 exercere
1007 3465 1176 3551 valeant,
1220 3465 1314 3556 dista
1347 3466 1559 3544 autioritate
1595 3479 1650 3542 te·

84 3608 146 3665 ore
169 3582 410 3691 praesentium
439 3583 648 3682 facultatem
673 3587 930 3670 concedimus,
952 3589 990 3665 de
1016 3583 1252 3683 impertimur.
1313 3586 1398 3662 Non
1428 3583 1649 3664 obstantibus

84 3692 388 3788 institutionibus,
423 3703 783 3811 &ordinationibus
821 3705 1056 3801 Apostollcis,
1096 3703 1319 3804 steterisque
1349 3704 1538 3782 contrariis
1568 3701 1649 3800 qui·

84 3846 288 3922 secumque.
360 3822 498 3901 Datum
522 3825 669 3919 ¹Romae
703 3827 800 3925 apud
831 3825 872 3903 S.
905 3826 1053 3901 Petrum
1088 3824 1150 3902 sub
1188 3825 1322 3901 annulo
1363 3822 1550 3901 Piscatoris
1583 3808 1646 3895 die
1769 3878 1775 3885 .

84 3945 181 4024 xvi
200 3940 337 4040 Aprilis
363 3943 414 4019 M.
438 3940 484 4018 D.
508 3943 540 4019 C
565 3944 670 4019 Xllll.
732 3945 971 4021 Pontificatus
998 3942 1107 4020 nostri
1143 3967 1240 4019 anno
1268 3968 1377 4019 nono.
1416 3942 1455 4018 S.
1478 3936 1645 4019 Cobellu·

84 4088 106 4142 s.
155 4062 215 4141 Ex
239 4062 372 4139 creatis
398 4083 486 4142 uero
511 4068 541 4139 a
563 4063 720 4161 Georgio
738 4065 863 4142 nostro
882 4062 1045 4143 Notariis
1070 4062 1131 4138 sex
1152 4064 1348 4164 sequentes
1362 4073 1476 4141 eraut.

990 4330 992 4334 .
1454 4219 1458 4227 ’
1527 4275 1641 4356 Am„
1660 4278 1688 4327 ·.

84 4403 93 4476 t
114 4399 224 4467 Frater
246 4400 416 4468 Gemonios
435 4395 692 4490 Rruueudefflmi,
726 4396 766 4473 sd
782 4392 923 4486 sarm
944 4392 981 4465 S.
1000 4391 1045 4482 οἳ.

84 4565 350 4677 >ton.31.fi›l.
371 4588 443 4691 19s·
727 4672 734 4686 ‚
843 4644 964 4728 ΗΜ]
