3736 5160
716 248 1136 340 summos*
1665 269 1740 344 aro
1808 260 1813 283 ·

205 420 511 502 Reuerendilhme
540 422 697 501 Domine
721 413 877 502 Domine
910 425 1104 524 plurimum
1138 388 1367 504 obseruande.
1435 426 1593 506 Litteras
1619 429 1739 504 Reue-

109 541 338 661 rendiifimae
364 542 632 620 Dominatiouis
656 543 790 623 vestrae
814 560 980 622 extrema
1000 547 1061 622 die
1084 545 1245 648 Januarii
1274 549 1320 623 ad
1344 572 1405 627 me
1432 552 1537 625 datas
1567 550 1661 626 reite
1679 569 1739 624 ac·

103 662 199 763 cepi.
250 662 486 740 Accesser‘unt
509 664 654 743 interim
688 666 791 764 plura
820 666 906 742 folia
932 666 1076 743 Chorene
1096 693 1315 768 pergamenae
1336 671 1382 746 ad
1407 693 1584 768 nuperum
1607 689 1737 745 nume·
1766 678 1769 683 '

87 808 212 868 sum,
235 785 282 859 de
304 806 377 880 quo
398 784 608 883 scripseram.
670 786 784 862 Coelo
812 786 986 884 paulatim
1007 787 1246 864 constantiore
1270 791 1308 869 δι
1338 787 1482 867 ficciore
1508 792 1657 875 curabo,
1695 800 1739 865 vt
1828 891 1831 895 1

96 904 310 1000 integra&
338 904 457 980 illaesa
492 905 707 1016 Oeniponrom
730 907 1003 983 transferantur.
1054 907 1134 983 Has
1163 907 1275 987 scribo
1299 908 1483 984 occafione
1503 910 1736 996 Litterarum,
1850 896 1864 917 ⁸

98 1048 198 1123 quas
226 1023 471 1102 illustrissimus
492 1047 535 1100 ac
556 1027 885 1108 Reuerendiffimus
909 1026 1022 1104 vester
1050 1027 1245 1130 Episcopus
1267 1031 1314 1106 ad
1346 1053 1406 1106 me
1439 1029 1559 1117 dedit,
1594 1029 1630 1102 ia
1654 1026 1735 1126 qui·
1856 1080 1860 1088 -

78 1143 173 1222 ‘irus
200 1145 413 1242 potestatem
438 1144 544 1232 iacit,
584 1148 679 1223 duos
714 1145 1005 1250 Snnrgeorgionor
1032 1147 1094 1224 hio
1135 1149 1266 1227 iratres
1309 1148 1515 1248 Dillingom·
1543 1145 1733 1237 mittendi,

63 1268 203 1365 <quod
228 1263 397 1343 absolutis
417 1265 517 1363 prius
544 1265 620 1364 post
643 1267 828 1345 otiiduum
858 1267 1052 1344 Exercitiis
1083 1268 1353 1367 spiritualibus,
1389 1284 1429 1348 vt
1455 1279 1605 1357 vocant,-
1634 1268 1734 1343 futu-

75 1408 185 1463 :tum
215 1385 278 1463 est.
337 1382 582 1482 Libenterque
601 1388 792 1484 pecuniam
818 1388 950 1465 &alia
980 1389 1193 1479 necessaria,
1232 1403 1274 1471 vt
1301 1389 1484 1468 Celsrtudo
1515 1389 1576 1466 sua
1606 1386 1749 1491 petiit,

79 1504 384 1585 :subministrabo
435 1504 570 1583 Scribit
596 1507 681 1583 dein
710 1508 893 1584 Celsrtudo
923 1509 983 1583 sua
1012 1510 1046 1583 se
1073 1509 1198 1587 seriam
1238 1511 1397 1607 cogitare
1435 1509 1733 1586 reformationem

73 1631 137 1706 :in
159 1630 237 1727 jam
260 1627 356 1705 diuo
373 1625 608 1711 hlonasterio,
633 1626 793 1728 hincque
814 1629 972 1727 aliquem
996 1652 1043 1703 ex
1064 1629 1158 1705 meis
1178 1631 1345 1712 Patribus
1370 1630 1470 1707 mitti
1489 1639 1645 1728 cuperet,
1664 1626 1730 1725 qui
1769 1613 1774 1622 ⁴

74 1752 149 1828 ini
177 1747 279 1846 operi
311 1746 513 1823 interesset:
539 1746 597 1828 vel
622 1745 647 1823 fi
669 1751 863 1825 commode
883 1747 955 1824 boc
979 1748 1057 1824 fieri
1073 1749 1259 1849 nequiret,
1282 1744 1409 1827 saltem
1429 1749 1729 1826 Insormationem

86 1873 258 1971 aliquam
280 1867 597 1946 communicarem.
667 1869 774 1949 Quod
798 1868 959 1945 officium
991 1891 1056 1966 pro
1078 1892 1162 1947 mea
1184 1869 1224 1947 iu
1252 1871 1512 1950 Celsrtudinem
1536 1871 1635 1947 suam
1664 1870 1729 1946 ob·

96 1990 293 2074 servantia.
318 1987 358 2065 &
388 2010 452 2086 pro
473 1991 568 2066 bono
591 1987 672 2086 ejus
695 1987 902 2064 hlonaiierii
924 2000 1090 2086 prompto
1112 1989 1236 2068 animo
1262 1990 1392 2077 offero,
1419 2000 1524 2090 prout
1546 1990 1658 2067 etiam
1687 1989 1728 2066 iu

100 2113 198 2190 meis
224 2111 271 2186 ad
291 2107 551 2186 Celsrtudinem
580 2109 679 2185 suam
707 2108 838 2183 litteris
865 2107 905 2185 id
931 2108 1046 2208 ipsum
1075 2107 1207 2207 scripsi,
1246 2132 1381 2210 meque
1408 2125 1574 2210 paratum
1600 2109 1726 2188 obtuli.

102 2230 203 2310 Mihi
223 2252 304 2307 vero
324 2230 370 2305 de
395 2229 467 2304 hoc
490 2238 703 2323 argumento
733 2222 965 2304 deliberatius
993 2253 1067 2306 non
1096 2228 1189 2306 nihil
1217 2231 1393 2328 cogitanti
1424 2242 1617 2308 occurrunt
1650 2252 1734 2308 nou.

96 2375 234 2452 pauca,
256 2372 348 2451 quae
367 2347 464 2445 spem
488 2348 658 2442 exiguam
681 2348 821 2425 faciunt
848 2349 1010 2425 melioris
1039 2350 1078 2426 in
1104 2349 1166 2428 illo
1192 2352 1274 2428 loco
1303 2345 1417 2430 fut'uri
1442 2352 1579 2436 status,
1610 2374 1726 2448 quan·

88 2488 334 2569 tnmcumque
356 2468 619 2558 illustriffimus,
647 2482 814 2557 conetur,
841 2469 879 2546 δι
898 2470 1121 2568 praescribat.
1168 2473 1244 2548 Res
1269 2472 1392 2557 enirn,
1419 2486 1459 2548 vt
1486 2473 1638 2572 quisque
1658 2495 1725 2548 no-

75 2596 168 2681 uit,
192 2589 349 2669 consistit
372 2592 409 2666 in
439 2593 679 2676 executione,
705 2614 798 2690 quae
820 2590 890 2667 hoc
911 2603 1075 2688 tempore
1102 2593 1227 2690 sperari
1251 2576 1333 2667 al).
1349 2593 1491 2668 Abbate
1511 2593 1612 2668 haud
1630 2588 1726 2687 polle

75 2718 264 2797 videturr
289 2712 422 2811 quippe
442 2713 504 2809 qui
525 2711 672 2786 meliora
693 2711 805 2794 forte,
831 2733 901 2785 nec
930 2711 1040 2795 vidit,
1071 2736 1140 2785 nec
1167 2713 1316 2788 edoiius
1343 2714 1403 2788 est.
1453 2753 1504 2767 -
1549 2752 1598 2768 -
1646 2709 1723 2786 Sed

71 2861 160 2914 nec
188 2831 457 2932 monachismo
489 2832 730 2907 ordinationum
746 2829 1004 2929 praescriptione
1019 2822 1298 2919 incendebantur,
1326 2829 1389 2906 nili
1418 2831 1593 2930 Spiritum
1622 2828 1722 2927 prius

69 2960 252 3058 aliquem
280 2953 475 3040 imbibant,
499 2950 737 3050 exemploque
762 2950 914 3025 aliorum
939 2949 1146 3036 trahantur,
1172 2941 1318 3036 desint,
1349 2952 1412 3049 qui
1434 2975 1499 3028 eos
1525 2950 1561 3026 in
1588 2949 1740 3036 officio,'

70 3077 214 3157 debita
242 3068 458 3156 charitate,
491 3072 529 3149 δι
553 3071 804 3146 moderatione
835 3069 1058 3145 contineant.
1108 3113 1158 3126 -
1203 3112 1253 3127 —
1300 3112 1349 3130 -
1398 3071 1518 3148 nullus
1550 3072 1588 3147 in
1621 3069 1721 3146 Con.

72 3211 206 3276 uentu
238 3193 341 3272 Prior
362 3195 422 3269 seu
447 3190 629 3291 Superior,
664 3190 779 3289 qualis
809 3189 1022 3265 necessarius
1053 3191 1124 3279 est,
1161 3190 1224 3290 qui
1257 3192 1400 3268 Abbate
1429 3192 1466 3267 in
1503 3188 1720 3266 Domesticis

79 3328 270 3416 occupato
297 3336 442 3411 gregem
476 3311 656 3395 obierunt,
696 3312 734 3387 lle
766 3311 936 3386 Excessus
972 3309 1136 3406 corrigat.
1185 3354 1235 3373 -
1283 3352 1332 3368 -
1388 3309 1492 3386 Haec
1515 3334 1583 3405 ego
1604 3309 1719 3387 didici

82 3445 127 3519 ab
155 3437 236 3515 istis
260 3437 420 3519 duobus,
445 3433 506 3530 qui
532 3432 593 3506 hic
617 3430 807 3506 nobiscum
833 3434 931 3515 suut,
967 3453 1059 3529 quos
1078 3431 1270 3527 diligenter
1292 3430 1521 3517 examinaui,
1553 3430 1591 3508 δι
1616 3428 1719 3507 vicis,

29 3612 35 3619 -
86 3559 149 3637 sm
175 3557 241 3658 ipsi
266 3554 420 3633 fideliter
453 3553 683 3633 &Candide
711 3552 980 3648 responderunt.-
1020 3551 1193 3637 ·hlonui,
1225 3564 1266 3649 qt
1294 3555 1426 3650 puncta
1450 3552 1631 3650 quaedam
1650 3574 1718 3625 no·

88 3688 228 3766 tarent,
252 3674 415 3776 mihique
441 3699 486 3751 ea
510 3675 549 3751 in
574 3673 726 3770 Scriptis
754 3668 955 3755 traderent,
982 3690 1077 3770 quae
1100 3671 1162 3746 hic
1186 3662 1314 3760 mitto,
1345 3686 1387 3750 vt
1409 3666 1717 3748 Reuerendillima

90 3799 127 3877 D.
159 3802 207 3882 V.
243 3799 392 3881 videat,
424 3797 506 3895 quis
530 3796 596 3880 sn,
625 3797 662 3874 dr
693 3792 867 3872 hedenus
897 3791 1007 3868 fuerit
1032 3790 1110 3887 ejus
1132 3791 1204 3866 loci
1237 3792 1372 3877 status3
1412 3797 1450 3872 dr
1478 3793 1577 3869 idem
1605 3792 1716 3868 credo

89 3900 231 4000 mecum
255 3917 411 3996 sentiet:
437 3917 629 3994 difficulter
655 3913 828 3991 nimirum
857 3912 992 4011 aliquid
1024 3913 1097 4007 jam
1130 3911 1235 3989 statui
1245 3960 1262 4000 ‚·
1288 3913 1478 4011 &sperari
1503 3910 1618 4010 polle,
1649 3909 1715 3986 nisi

88 4042 154 4118 ulia
173 4041 346 4116 ineantur
367 4036 522 4113 consilia.
587 4034 698 4112 Saluo
723 4033 833 4128 igitur
862 4031 1004 4110 meliori
1027 4032 1170 4132 Judicio
1195 4044 1378 4130 putarem,
1413 4055 1499 4118 eos,
1536 4030 1598 4129 qui
1622 4052 1735 4105 non·.
1779 4048 1783 4055 '

86 4165 174 4245 dum
198 4160 281 4239 sunt
304 4159 542 4244 Sacerdotes,
569 4156 650 4232 suut
674 4169 766 4238 tres,
799 4167 838 4231 vt
864 4155 990 4240 audio,
1020 4152 1131 4255 etiam
1157 4151 1251 4250 polle
1270 4151 1444 4230 duosvel
1469 4164 1545 4226 tres
1569 4150 1739 4229 Menses.

84 4283 229 4362 circiter
255 4280 316 4356 bio
343 4277 506 4357 nobiscnm
536 4277 624 4363 elie,
669 4280 707 4355 δι
732 4276 768 4350 in
788 4274 1008 4372 regularibus
1036 4286 1145 4372 atque
1173 4271 1379 4363 monasticis
1421 4270 1616 4346 Exercitiis
1655 4267 1713 4346 iu·

80 4403 194 4493 nn,
233 4424 344 4500 quam
368 4399 595 4478 charitatem
619 4399 717 4474 haud
742 4406 891 4493 grauna
923 4393 996 4472 mei
1020 4392 1147 4469 Patres
1177 4392 1249 4469 illis
1281 4391 1535 4480 exhibebunt,
1575 4389 1712 4467 deinde

79 4523 246 4603 nnnhter
271 4520 453 4617 Dilingam
471 4519 645 4598 mittendi
668 4506 797 4604 silent,
822 4515 1011 4593 biennium
1036 4511 1181 4590 circiter
1203 4515 1253 4593 ibi
1277 4512 1443 4590 mansuri.
1465 4552 1513 4569 -
1560 4552 1612 4571 -
1659 4550 1711 4570 .-

75 4643 284 4728 Biennium
304 4643 383 4743 post
404 4639 545 4721 circiter
568 4640 721 4719 domum
742 4637 949 4721 reuocatis.
988 4637 1027 4714 st
1052 4634 1101 4713 ad
1123 4633 1276 4718 mellona
1297 4631 1374 4732 jun
1397 4630 1591 4734 dispositis,
1631 4632 1709 4733 pos-

921 4756 1028 4840 ΤΗ
1629 4752 1710 4837 sent
1849 4873 1852 4878 j
