3736 5160
135 211 185 293 7²
742 210 1163 305 efflms

137 381 242 461 fit'in
260 376 382 457 terris.
457 382 532 479 Ipsa
554 381 661 460 nollri
685 393 763 465 tam
788 388 827 462 in
850 388 909 463 his
931 411 1002 488 que
1028 390 1076 465 ad
1097 388 1258 466 animam
1283 410 1395 488 quam
1420 389 1468 466 ad
1490 410 1622 487 corpus
1653 392 1756 489 perti·

135 513 246 587 nent,
285 502 381 599 apud
410 503 578 580 dilettum
605 504 644 582 dc
669 506 896 584 beneditium
931 507 1040 605 ipsius
1074 507 1189 585 flium
1216 508 1429 586 continuam
1456 509 1495 587 δι
1521 509 1561 587 iu
1591 509 1756 591 defessam

134 625 270 702 habere
294 623 507 698 memoriam
529 621 697 717 dignetur
721 626 878 703 incelis.
929 629 1005 705 Sed
1028 628 1116 704 licet
1136 639 1220 702 totus
1236 628 1384 723 fratrum
1404 628 1575 723 nostrorum
1598 641 1756 704 renuetur

136 752 305 822 urninsmu
329 766 423 837 osque
453 746 492 816 od
517 752 702 830 nummum,
743 768 911 823 usxruas
942 765 999 844 pro
1023 747 1112 841 figno
1144 746 1382 842 confirmationis
1413 754 1448 822 sn
1479 752 1620 825 mortus
1652 752 1756 850 nostris

126 871 286 947 dederint,
314 860 410 936 hanc
432 861 466 936 se
489 863 779 941 constitutionem
806 867 975 943 omnibus
1002 867 1077 943 vite
1115 868 1173 943 sue
1198 866 1327 943 diebus
1356 865 1613 944 inuiolabiliter
1644 867 1756 945 serua·

136 998 256 1068 turos,
296 1004 365 1056 nos
390 994 514 1059 tamen
540 997 713 1080 exparte
739 985 809 1060 Dei
836 986 1100 1082 omnipotentis
1126 991 1163 1065 dr
1187 986 1268 1082 ejus
1292 986 1499 1065 sautiilbme
1523 987 1652 1063 matris
1678 987 1756 1063 bor·

134 1107 289 1184 rendum
329 1101 366 1176 iu
398 1124 464 1177 eos
493 1100 531 1181 ,ἀ
562 1103 662 1179 omni
693 1117 856 1204 ternpore
882 1107 1097 1184 duraturum
1131 1102 1292 1209 crurium
1322 1104 1559 1202 protulimus,
1598 1129 1673 1203 quo
1697 1129 1756 1204 per

125 1229 283 1306 -verbum
308 1220 385 1300 viui
409 1220 479 1301 Dei
501 1221 541 1301 dt
564 1226 811 1321 permanentis
848 1227 891 1301 ab
922 1238 1048 1302 eterna
1073 1225 1150 1304 vita
1174 1228 1213 1304 dr
1238 1224 1356 1300 celesti
1381 1223 1606 1315 beatitudine
1635 1224 1756 1303 exclu-

128 1349 285 1431 dantur,
308 1342 528 1440 quicumque
554 1340 729 1419 diaboIIco
747 1344 867 1420 furore
894 1347 932 1424 dr
954 1344 1079 1422 insano
1104 1342 1190 1421 ausu
1215 1356 1324 1440 atque
1341 1340 1488 1418 consilio
1509 1341 1581 1418 hoc
1604 1364 1756 1423 munere

133 1465 299 1543 celestem
330 1462 602 1558 prelirmpseriot
621 1463 803 1558 uirginem
836 1463 991 1561 spoliare.
1056 1465 1106 1541 Et
1143 1488 1192 1539 oe
1224 1465 1315 1538 sorte
1339 1462 1533 1561 quisquam
1556 1459 1756 1562 succefforrq

132 1591 297 1689 mflrmrpr
314 1581 546 1679 prescriptum
563 1582 669 1678 patrui
693 1582 857 1679 pendens
881 1584 1079 1660 anathema
1103 1585 1221 1670 dicat,
1264 1584 1298 1656 se
1329 1582 1400 1657 hoc
1428 1582 1660 1680 aliquatenus
1683 1606 1756 1663 nou

124 1704 440 1796 -teneaiu'crontpor
454 1708 495 1776 ‘sn
514 1708 757 1797 pertransissent
777 1701 862 1801 poffit
878 1707 1090 1798 obligatoriam
1106 1703 1246 1800 prq‘erre
1258 1703 1465 1799 sertertium,
1497 1712 1566 1778 nbs
1591 1705 1639 1779 ad
1665 1704 1755 1797 cele&

124 1827 220 1904 stem
242 1820 401 1917 iudicem
426 1842 499 1919 quo
524 1820 680 1919 superior
705 1845 816 1897 uerno
841 1821 909 1906 eli,
955 1823 993 1900 dr
1018 1823 1065 1898 ad
1089 1822 1250 1921 spiritum
1277 1821 1434 1898 sanslum
1459 1831 1576 1897 totam
1600 1810 1756 1901 transsess'

129 1946 244 2024 rimus
269 1940 429 2025 causam,
482 1939 636 2021 scientes
658 1963 744 2021 eum
769 1940 902 2039 quide
927 1940 1065 2036 virgine
1089 1942 1203 2019 voluit
1227 1938 1344 2023 nasci,
1382 1939 1463 2034 ejus
1488 1939 1659 2036 injuriam
1683 1941 1754 2019 acri

129 2064 288 2147 vindiiia
309 2061 345 2135 in
373 2070 538 2135 extremo
561 2058 697 2154 judicio
719 2059 856 2145 ulcisci,
882 2059 1016 2159 fietque
1042 2060 1284 2156 transgressori
1309 2059 1443 2156 duplex
1466 2058 1645 2147 cousufio,
1669 2086 1751 2141 cum

129 2182 382 2262 exacerbatam
407 2179 719 2276 &contemptam
759 2181 794 2259 se
824 2180 1010 2277 conqueri·
1035 2181 1170 2277 ceperit
1202 2181 1263 2278 pia
1288 2190 1407 2254 mater
1428 2177 1751 2261 misericordiarum

130 2309 168 2384 dr
189 2303 283 2379 filius
310 2298 379 2374 Dei
404 2320 468 2396 per
492 2296 562 2373 hoc
587 2282 636 2372 se¹
651 2299 783 2373 iratum
809 2299 1004 2377 ostenderit
1028 2302 1355 2378 &conturbatum
1430 2297 1589 2397 Ideoque
1613 2300 1750 2397 tamin

127 2424 200 2501 hoc
225 2443 333 2518 quam
357 2418 395 2493 ln
421 2416 520 2501 aliis,
546 2440 615 2512 que
641 2419 688 2492 ad
711 2418 886 2496 honorem
909 2421 1012 2495 beate
1033 2418 1188 2513 Virginis
1212 2416 1250 2493 in
1264 2416 1336 2492 hoc
1351 2416 1565 2492 monasterio
1588 2440 1749 2497 commu·

20 2586 23 2591 ·
127 2545 168 2623 ni
188 2543 339 2618 fratrum
362 2537 562 2612 nostrorum
585 2538 665 2611 sunt
684 2535 845 2613 inllituta
865 2538 1033 2613 oonsensu
1058 2553 1167 2636 atque
1186 2535 1351 2621 confilio,
1384 2547 1460 2611 tarn
1486 2549 1615 2612 cautos
1643 2551 1744 2638 atque

63 2710 69 2719 -
126 2666 282 2742 deuotus
301 2658 336 2734 se
359 2654 467 2749 nollri
491 2655 688 2733 exhibeant
711 2656 932 2740 successores,
974 2681 1022 2731 ne
1057 2658 1152 2754 apud
1182 2680 1266 2731 eum
1300 2656 1364 2753 qui
1392 2656 1574 2769 dislristus
1607 2661 1747 2737 exaslor

125 2792 301 2864 venturus
336 2775 405 2862 est.
439 2775 573 2871 ingrati
598 2781 636 2855 dr
667 2776 721 2853 rei
753 2775 987 2853 inueniantur
1012 2775 1292 2871 transgressores.
1343 2775 1432 2852 Haec
1452 2779 1506 2852 ibi.

321 2970 373 3048 IN
398 2966 590 3049 NOMINE
616 2968 787 3046 PATRIS
812 2967 875 3045 ET
899 2968 1006 3045 FILII
1028 2967 1092 3045 ET
1116 2968 1331 3045 SPIRITVS
1356 2966 1548 3045 SANCTI.

222 3138 302 3231 Ego
324 3135 370 3211 Β.
394 3133 585 3228 Wiuegart
604 3134 729 3210 Abbas
758 3106 796 3211 dr
822 3132 901 3227 Ego
927 3133 975 3208 H.
999 3132 1186 3220 Rutensrs,
1219 3134 1256 3210 dr
1282 3155 1349 3227 ego
1377 3130 1421 3207 Β.
1445 3131 1637 3211 Walseusrs
1665 3136 1745 3216 Press

124 3256 226 3358 positi
251 3253 390 3350 judices
415 3253 459 3329 ab
485 3252 601 3349 Aplca
626 3251 782 3346 delegati
818 3252 899 3327 sede
925 3252 1180 3349 cognoscentes
1206 3252 1253 3327 de
1277 3249 1403 3338 causa,
1438 3273 1510 3348 que
1537 3256 1744 3335 vertebatur

121 3378 219 3455 inter
254 3373 436 3450 Abbatem
462 3374 501 3450 S.
527 3370 633 3449 Blasii
664 3371 711 3445 de
736 3370 839 3465 nigra
862 3366 949 3445 filua
981 3375 1017 3449 dr
1050 3371 1093 3446 C.
1129 3371 1286 3447 nobilem
1309 3370 1426 3448 virum
1460 3371 1506 3445 de
1539 3373 1744 3453 Macensrcb

122 3497 224 3594 super
255 3495 413 3593 quadam
444 3491 545 3567 curia
577 3492 613 3564 in
640 3491 917 3566 Nazzenburrou
954 3487 1018 3563 fita
1041 3512 1150 3589 quam
1182 3489 1299 3567 sellcis
1338 3490 1513 3565 memorie
1545 3488 1595 3569 H.
1635 3480 1745 3573 frater'

121 3615 202 3711 ejus
225 3625 303 3688 tarn
327 3635 390 3709 pro
421 3609 583 3686 remedio
614 3608 736 3683 anime
772 3605 900 3681 suein
935 3608 1063 3686 ultima
1091 3608 1278 3685 voluntate
1307 3610 1410 3707 cujus
1443 3610 1532 3688 liber
1560 3612 1613 3689 est
1643 3614 1743 3691 liilus

122 3756 231 3832 quam
267 3753 331 3829 pro
362 3726 692 3824 recompensatione
728 3726 854 3823 damni
888 3729 987 3824 quod
1018 3726 1142 3803 intulit
1179 3730 1394 3807 monasterio
1431 3732 1468 3805 S.
1499 3728 1609 3808 Blasii
1643 3732 1742 3811 nullo

118 3852 393 3931 contradicente
417 3847 527 3925 libere
553 3844 793 3942 polsrdendam
815 3846 852 3920 in
875 3860 1089 3943 perpetuum
1113 3845 1354 3925 contradidit.
1405 3851 1480 3926 Sed
1503 3874 1549 3925 eo
1570 3853 1741 3934 desunslo

120 3972 163 4048 C.
189 3970 349 4069 prelatus
374 3967 483 4041 srater
505 3961 585 4058 ejus
610 3965 777 4043 eamdem
797 3963 947 4040 Curiam
974 3966 1053 4061 jure
1079 3965 1298 4043 hereditarIo
1329 3962 1505 4046 violenter
1540 3972 1578 4049 dr
1615 3976 1740 4052 mtnru

117 4087 378 4167 rationabiIiter
410 4083 472 4159 srbi
511 4082 739 4167 vendicauit,
778 4085 840 4181 qui
872 4097 997 4162 tamen
1024 4085 1146 4182 possea
1180 4086 1281 4185 super
1316 4090 1446 4163 eodem
1476 4087 1570 4167 fano
1606 4095 1740 4175 iterum

119 4212 157 4287 dr
180 4210 312 4283 iterum
335 4202 550 4302 peremtorie
581 4201 726 4276 Citatus
757 4201 906 4279 anobis
932 4214 965 4279 tn
989 4203 1126 4296 Alidorf
1148 4204 1186 4279 iu
1211 4206 1347 4301 judicio
1370 4206 1607 4287 residentibus
1639 4214 1741 4293 idem'

117 4350 275 4402 errorem
301 4326 402 4401 suum
428 4319 686 4415 recognoscens
715 4318 804 4415 juris
830 4323 997 4400 uecelsrte
1026 4322 1264 4421 compellente
1279 4324 1353 4421 juri
1380 4327 1460 4415 suo,
1484 4330 1582 4425 quod
1610 4328 1651 4407 in
1679 4356 1740 4412 ea·

117 4448 204 4521 dam
234 4443 345 4519 Curia
368 4443 558 4518 videbatur
582 4439 716 4514 habere
744 4441 887 4538 penitus
924 4442 962 4517 in
993 4442 1163 4520 manibus
1185 4444 1312 4518 nollris
1339 4446 1589 4542 renunciauit,
1626 4454 1737 4531 solam

116 4576 261 4643 tanturn
288 4565 325 4641 dt
357 4562 494 4637 nudam
528 4558 759 4654 aduocatiaur
786 4559 850 4638 fibi
876 4561 1100 4663 pretaxauit,
1135 4564 1182 4640 de
1209 4561 1291 4639 aliis
1317 4586 1403 4643 vero
1428 4565 1598 4663 dampnis
1621 4572 1736 4647 eccle·

1513 4710 1559 4725 ..
1683 4690 1733 4807 n.
