3736 5160
149 218 219 291 132
258 254 267 279 „
516 218 525 229 ··
751 196 1171 291 *cimmo*

241 374 281 454 In
304 375 373 455 hac
398 373 549 456 feriali.
574 374 597 454 ir
624 389 747 455 tamen
776 377 905 457 festum
928 376 1124 455 duodecim
1151 377 1229 454 led.
1259 382 1335 453 non'
1359 377 1531 478 impedit,
1570 376 1775 456 istomodo

146 498 287 596 agimus
314 499 707 578 commemoracionem
734 498 977 598 quorumlibet
1008 506 1042 574 in
1062 503 1123 575 luco
1151 501 1247 603 nostro
1275 499 1469 597 sopitorum.
1540 499 1622 577 Post
1652 501 1775 598 vespe·

143 643 205 699 ros
232 618 413 716 regulares
438 618 475 695 de
488 617 649 718 fioffragia
660 621 836 718 [animun
859 620 1069 720 priusquam
1097 622 1310 716 procedatur
1337 621 1385 699 ad
1408 619 1557 712 cerussam
1581 622 1618 697 S.
1645 619 1775 706 Morte,

144 741 291 840 pulsatis
318 739 487 816 omnibus
512 737 620 836 dgnis
643 740 681 815 in
705 739 816 815 choro
845 750 1038 817 cantantur
1062 738 1194 838 vesperi
1220 764 1284 838 pro
1309 739 1479 840 prodistis
1502 739 1709 826 demonis.
1737 740 1778 819 de

143 864 266 963 postea
294 850 453 938 officium
482 857 583 936 fimiii
610 860 731 936 modo.
796 860 835 936 In
862 859 1021 958 sequenti
1049 861 1108 935 die
1129 857 1215 959 misia
1244 867 1441 955 matutimis
1462 859 1645 958 propensiori
1665 862 1777 959 studio

144 984 401 1084 ejiceieiranda,
439 983 482 1067 ὁ*
506 985 545 1053 ab
570 982 706 1055 omnibus
726 981 936 1076 fircesdotiius
963 991 1087 1078 priuati
1114 977 1195 1079 miffe
1212 998 1271 1075 pm
1295 983 1406 1055 eisdem
1428 981 1578 1077 defundis
1603 984 1776 1069 smdmrde,

145 1103 190 1180 ab
223 1102 303 1178 aliis
340 1124 484 1199 quoque
513 1107 647 1176 uanis
680 1099 753 1175 VII.
778 1103 889 1198 psaini
916 1109 1080 1189 ruitandi,
1130 1124 1258 1179 verum
1300 1103 1347 1178 ad
1387 1126 1516 1180 omnes
1567 1101 1636 1176 has
1672 1101 1777 1178 vices

144 1224 261 1324 primo
294 1221 450 1301 dicenda
477 1222 528 1297 est
556 1219 712 1298 colieiia
765 1223 857 1296 Deus
881 1229 967 1311 ouius
989 1225 1186 1320 mniracione.
1237 1263 1287 1279 -
1338 1265 1386 1280 -
1440 1225 1607 1297 Duodecim
1625 1239 1776 1320 pauperes

143 1371 211 1422 curn
227 1364 307 1442 pane
332 1345 376 1430 θ
400 1347 489 1426 crim,
530 1343 624 1414 eduir'o
649 1347 753 1416 carris
776 1346 913 1435 ad‘unuo
934 1347 1068 1417 ubertim
1086 1345 1161 1439 fient
1186 1340 1355 1436 redeundi,
1392 1345 1436 1433 δ’
1461 1346 1576 1420 muru
1600 1348 1672 1421 aliis
1694 1360 1778 1443 peu·

140 1469 263 1568 penus
278 1464 560 1562 superuenientibus
584 1461 621 1536 dc
639 1479 720 1559 pana
742 1462 785 1548 δ’
802 1471 880 1573 potu
902 1463 1105 1562 nusrrumdia
1130 1465 1324 1563 impendenda
1347 1464 1398 1564 esi.
1770 1451 1778 1456 ’

385 1748 545 1850 ,ΒΕ
622 1745 1020 1859 JnJvnro
1091 1749 1478 1838 nncvnn.

188 1952 194 1959 ’
238 1959 448 2039 Secundum
472 1959 632 2039 ediitum
660 1979 895 2038 enucrssorus
919 1981 1057 2036 uosrur
1096 1959 1135 2036 S.
1171 1959 1361 2041 Beneditti
1394 1963 1527 2039 amodo
1557 1981 1621 2059 per
1654 1967 1772 2038 totam

142 2085 292 2161 estatem
319 2081 356 2156 in
381 2081 532 2178 priuatis
558 2080 684 2157 diebus
711 2092 815 2156 extra
841 2081 986 2159 otiantes
1018 2080 1099 2165 feria
1123 2083 1205 2158 1111.
1230 2086 1272 2169 &⁹
1303 2084 1358 2158 VI.
1384 2086 1534 2180 jejunium
1555 2084 1772 2178 perfruimur,

141 2205 206 2284 nisi
229 2215 293 2280 aut
315 2221 372 2300 pm
395 2210 549 2278 nimietate
573 2202 653 2289 edus
676 2216 740 2279 aut
765 2200 835 2277 alia
861 2201 1066 2280 neceffitate
1098 2201 1169 2278 hoc
1200 2203 1338 2278 relaxet
1371 2186 1601 2297 indulgencia
1634 2206 1772 2279 otiien

141 2334 288 2409 immin,
329 2333 393 2399 aut
417 2324 549 2417 injuntta
572 2325 738 2397 ordonna
763 2325 890 2414 etunius
914 2330 1029 2419 operis,
1066 2324 1166 2422 quod
1191 2347 1263 2425 quo
1287 2323 1415 2402 ordine
1447 2322 1491 2401 fit
1513 2325 1700 2421 agendum
1731 2323 1770 2401 iu

142 2451 277 2545 iitrode
299 2448 473 2519 obedientiis
498 2440 548 2518 est
572 2443 798 2540 querendum
824 2440 881 2539 ⁰).

236 2683 419 2772 Quociens
450 2707 536 2763 vero
559 2683 598 2758 in
621 2680 762 2761 eisdem
786 2683 886 2760 feriis
910 2707 976 2760 ona
998 2691 1066 2763 eise
1091 2687 1320 2775 commedinus,
1360 2681 1502 2761 tociens
1531 2687 1623 2763 ndu
1643 2684 1772 2785 peditur

7 2824 13 2831 ·
134 2807 339 2909 proreffiomr
361 2805 517 2896 facimus,
544 2803 707 2903 exceptis
730 2804 862 2898 vigiliis
889 2805 1086 2882 ianitorum
1114 2805 1352 2901 apostolorum
1387 2805 1486 2880 ΡθῒῐῙ
1512 2805 1549 2882 &
1577 2807 1696 2893 Pauli,
1731 2810 1770 2887 ἃ

141 2927 394 3027 uiiumpcionis
429 2925 466 3002 S.
504 2925 641 3008 Marier
684 2923 856 3000 dtamen
889 2930 931 3004 dr
957 2926 1028 3024 ipse
1059 2928 1250 3002 euenerint
1285 2927 1480 3024 aliquando
1519 2928 1557 3001 in
1592 2926 1658 3002 tali
1689 2927 1768 3012 die,

140 3052 228 3127 solet
253 3047 369 3124 eciam
393 3068 600 3131 remanere,
625 3042 650 3119 sr
677 3067 785 3143 quern
811 3045 983 3141 desuntium
1003 3055 1204 3125 cunctanter
1216 3049 1401 3147 sepelimus,
1428 3045 1537 3140 reifi
1562 3071 1622 3144 qua
1641 3049 1780 3148 persana¹

62 3246 68 3255 .
141 3180 215 3249 tatis
239 3174 417 3255 adiuuerit,
441 3175 490 3241 cui
504 3164 709 3264 proceffrmum
725 3164 895 3258 sociamus.

53 3476 63 3508 1
237 3408 345 3485 Hanc
384 3419 509 3483 autem
545 3404 799 3504 procationem
841 3428 957 3505 usque
994 3406 1041 3482 ad
1084 3406 1238 3481 Kalendas
1279 3403 1466 3480 Nouembris
1502 3376 1771 3502 protendimus.

141 3531 296 3616 Quando
316 3551 413 3605 vero?
432 3527 520 3601 hinc
547 3527 722 3622 usquead
749 3524 819 3610 dat.
850 3528 989 3601 unaue
1003 3529 1096 3622 semei
1131 3523 1320 3620 resistamus,
1353 3522 1430 3622 post
1455 3524 1653 3622 capitulum
1672 3527 1771 3620 fiten-

139 3660 219 3728 tiusn
244 3652 428 3749 resoluimus.
467 3644 630 3740 Pastilli.
654 3648 768 3721 semme·
791 3667 951 3720 uacanns.
991 3646 1070 3724 Post
1089 3646 1145 3725 vt
1171 3647 1357 3742 admonitii
1380 3651 1414 3721 in
1438 3648 1522 3722 reuss
1538 3649 1720 3744 pandimus.

112 3916 125 3939 ·
231 3889 373 3969 Audito
400 3886 517 3981 igno,
542 3883 566 3959 sr
590 3882 756 3982 proceiiio
779 3882 829 3960 est
852 3886 1010 3977 agenda,
1027 3907 1056 3960 a
1079 3883 1226 3980 lingniis
1249 3883 1420 3963 fratribus
1443 3891 1533 3962 caud
1552 3887 1656 3979 srdin
1683 3896 1772 3968 etas·

129 4013 231 4116 pirum
256 4015 465 4105 deportantur.
529 4003 674 4080 Deinde
701 4006 841 4079 omnibus
866 4011 938 4081 sotis
963 4014 1109 4100 persisque
1124 4011 1273 4104 capitibus
1301 4006 1378 4102 post
1403 4007 1645 4104 putiacionem
1676 4012 1773 4088 duo·

136 4157 219 4211 rum
243 4130 420 4229 fignorum
445 4126 487 4202 fit
513 4124 634 4202 oracio
662 4126 699 4201 dr
724 4121 922 4219 imponitur
947 4124 1036 4199 Ant.
1063 4126 1193 4221 Exurge
1211 4130 1344 4213 domine,
1370 4125 1415 4200 ab
1437 4136 1585 4204 armano.
1633 4129 1772 4211 Cetera

135 4277 206 4354 que
240 4252 287 4327 ad
317 4247 572 4345 proceiironem
610 4243 679 4317 rite
699 4241 893 4332 secuntur,
932 4251 965 4319 in
999 4254 1095 4339 capite
1118 4248 1225 4341 jejunii
1251 4243 1498 4353 inueniuntur.
1558 4229 1600 4325 si
1639 4263 1769 4330 autem

134 4399 207 4449 rron
243 4368 294 4446 cii
320 4367 461 4466 agenda
486 4362 672 4466 procetsro,
697 4359 791 4438 satta
814 4365 983 4441 oracione
1009 4388 1096 4442 mox
1118 4363 1276 4463 sequitur
1299 4365 1454 4449 letania.
1481 4370 1518 4446 dr
1542 4367 1588 4444 ad
1612 4369 1769 4449 vestien-

134 4495 225 4572 dum
249 4500 386 4567 exeunt
412 4485 494 4588 nriffs
515 4486 656 4584 ministri.
706 4481 746 4558 in
772 4485 875 4579 cujus
903 4484 975 4564 fine
998 4487 1074 4588 post
1104 4490 1174 4565 Dae
1190 4495 1314 4586 gratim
1338 4508 1437 4564 nona
1458 4488 1627 4588 pulsatus.
1650 4532 1703 4548 —

131 4733 617 4833 '·)Qeenoeratepertuuu
642 4729 947 4813 namneum„
1086 4780 1093 4789 -
