3736 5160
663 217 1092 310 *Vmor
1608 219 1681 301 227

10 388 133 473 Hoc
174 393 292 471 etiarn
320 413 416 468 auno
446 413 503 469 22.
528 389 690 470 octobris
716 391 833 499 ffirdro
857 395 949 499 Most
973 420 1022 472 ex
1037 393 1281 494 {Oberbausen
1307 389 1404 470 datia
1434 377 1565 467 litteris
1592 400 1679 458 cou-

10 514 174 602 uelut,
213 525 254 591 vt
288 536 373 590 cum
403 512 520 591 tribua
542 510 690 587 familiia
720 512 875 612 Hoserror
902 515 1086 601 babitare,
1123 515 1362 612 omnibusque
1385 508 1566 588 incolatus
1591 499 1681 597 iuri·

10 639 107 716 bus
147 654 218 731 pro
246 644 327 708 rata
354 624 583 727 vestigalium
610 630 787 708 solutione
812 633 854 730 h)
887 634 958 711 srui
990 635 1111 733 posset.
1166 635 1305 711 Verum
1329 655 1442 732 quum
1472 626 1592 726 postca
1615 621 1676 718 Ju-

10 759 167 838 daeus
196 751 367 828 facultate
390 748 453 826 srbi
479 751 570 827 salla
593 749 738 839 abusus,
770 753 1088 851 pluresinducere
1117 753 1307 837 Coloniae,
1347 765 1543 845 totamque.
1565 742 1678 817 sermo

10 875 242 957 Hofenam
271 870 461 966 *judaicam
504 871 624 947 facere
668 885 879 959 conaretur,
915 896 971 949 re.
1004 896 1116 972 quum
1150 875 1278 949 cedere
1305 870 1430 969 sponte
1457 865 1588 950 nollet,
1631 857 1679 933 ad

10 992 250 1075 cameram
273 989 520 1089 imperialem,
550 988 588 1067 dt
615 989 730 1087 ipbm'
751 991 963 1070 Caesaream
989 992 1216 1089 Maiestatem
1245 991 1384 1076 delata,
1414 987 1506 1064 satra
1527 983 1679 1059 tandem

10 1134 147 1195 mmo
179 1133 285 1208 1⁵³7·
320 1134 377 1186 20·
410 1109 627 1188 Nouembris
663 1133 726 1208 per
756 1109 925 1188 Nobilem
958 1109 1130 1218 Jooanrm
1170 1109 1381 1188 erlreimum
1410 1111 1450 1184 de
1484 1100 1677 1189 Tiriirbrim,

10 1229 258 1319 Archidacis
289 1227 499 1325 Ferdirruadi
526 1228 792 1317 consiliarium,
848 1231 887 1308 bt
924 1231 1114 1307 Ditionum
1151 1227 1352 1330 Eiringonoe
1391 1222 1679 1320 Scieicilirrgunae

10 1366 158 1448 atque
183 1348 360 1449 Bergrufis
385 1348 625 1436 Praesesium,
656 1372 726 1424 uec
752 1372 825 1425 non
849 1349 1002 1426 Paullum
1031 1349 1074 1426 ob
1094 1350 1317 1451 Appcnlrooea
1343 1348 1538 1426 Caesareae
1564 1339 1679 1437 Maie-

17 1471 150 1551 statis
178 1471 220 1550 dt
244 1467 463 1546 Sereuiilimi
478 1467 698 1546 Arcbiducis
719 1468 988 1558 caballarium,
1012 1483 1120 1570 atque
1141 1471 1354 1548 Prouinciae
1368 1469 1549 1547 Sueuicae
1573 1463 1680 1538 Prae·

29 1594 188 1671 festum
214 1586 484 1685 compositione
512 1583 669 1692 Jooraer
705 1586 953 1691 Cirristoplroras
981 1589 1164 1667 Successor
1192 1591 1315 1670 solutir
1348 1589 1448 1668 mille
1474 1584 1621 1665 florenia
1647 1579 1678 1679 i)

42 1711 88 1790 ab
126 1710 205 1787 hac
225 1708 262 1783 se
286 1707 383 1806 peste
408 1706 590 1785 liberauit

147 1922 296 2004 Eodem
323 1923 436 2002 duno
465 1923 670 2024 eodemque
706 1922 831 2001 Mense
857 1921 1055 2002 Decretum
1091 1923 1295 2004 abeodem
1332 1921 1560 2026 Cirriflopbaro
1584 1915 1681 1997 Dare

60 2043 339 2147 Wrieabergenfi
366 2043 515 2142 accipit,
560 2068 635 2144 quo
660 2045 861 2121 Heinricam
889 2042 929 2119 de
959 2040 1079 2132 Staio,
1117 2043 1230 2142 quia
1261 2043 1480 2145 slsolffgango
1516 2042 1611 2121 Duce
1641 2039 1680 2119 δε

62 2166 220 2243 Palatino
241 2186 355 2265 equos
368 2164 565 2253 colmere,
590 2165 791 2263 militisque
816 2164 1037 2242 conscribere
1059 2162 1182 2243 miuus
1211 2166 1348 2254 suerat,
1379 2164 1479 2262 vigili
1499 2163 1548 2262 k)
1572 2159 1680 2239 oculo

58 2284 264 2371 obseruare,
298 2306 477 2382 eumque.
522 2284 701 2382 denegata
733 2286 782 2360 de
807 2284 861 2359 nil
889 2266 1057 2369 nocendo
1078 2283 1265 2371 cautuae,
1304 2285 1454 2362 munita
1489 2282 1680 2384 probibere

57 2403 235 2503 iubetur..
261 2402 445 2482 Abbatem
471 2403 615 2504 Imperii
645 2403 993 2492 Constitutiouibus,
1032 2403 1221 2504 Ducisque
1250 2406 1405 2504 immrio
1439 2405 1584 2493 steriller
1615 2427 1680 2481 ex·

55 2527 145 2603 inde
169 2523 421 2614 manifestum,
451 2526 550 2624 quod
577 2525 761 2602 Heinricas
780 2526 879 2603 datis
901 2525 949 2600 ad
978 2520 1239 2627 Chriflopioram
1263 2525 1417 2613 litteris,
1445 2547 1598 2624 quarum
1620 2547 1680 2601 co·

55 2646 155 2746 piam
175 2644 205 2741 l)
228 2641 425 2731 habemur,
458 2647 607 2743 quidem
633 2646 813 2728 fateatur,
849 2644 885 2720 se
913 2646 951 2723 dc
980 2668 1094 2743 equor
1124 2670 1187 2742 pro
1215 2644 1375 2723 Domino
1408 2646 1469 2720 luo
1497 2645 1680 2734 credide,

56 2766 94 2844 dr
118 2763 263 2841 *militen
283 2764 519 2863 couscripilie‚
550 2788 687 2864 eosque
713 2765 927 2862 Ndrdliogoe
951 2761 1200 2851 collecturum,-
1224 2787 1351 2842 verum
1373 2787 1487 2863 quum
1509 2775 1574 2841 aut
1599 2763 1679 2840 nul-

56 2885 112 2961 loa
139 2898 206 2963 arrt
238 2896 338 2959 certe
374 2885 600 2985 pauciffimor
632 2885 727 2960 intra
769 2882 895 2958 circuli
932 2880 1024 2957 finer
1057 2881 1234 2978 coegerit,
1284 2907 1420 2983 eosque
1450 2884 1564 2961 etiam
1604 2882 1679 2961 sure

55 3005 159 3085 omui
187 3000 390 3081 incolarum
418 3004 577 3092 damno,
607 3022 728 3080 'onere
747 3001 805 3080 rel
829 2999 988 3078 molestia
1016 3000 1251 3098 trajiciendos
1281 3016 1471 3080 curaturus
1496 3004 1607 3092 esset,
1643 3002 1679 3081 se

60 3126 105 3202 de
127 3122 243 3201 libero
261 3144 310 3199 eo
328 3123 452 3202 miuus
478 3124 574 3225 posia
598 3122 767 3201 dubitare
791 3121 944 3213 itinere,
977 3145 1052 3224 quo
1079 3122 1240 3204 amicum
1267 3123 1386 3222 magia
1414 3125 1556 3203 soueret
1577 3123 1680 3203 Pala·

60 3244 158 3323 tinus
176 3241 354 3322 animum.

153 3458 336 3539 Prioribus
358 3457 434 3557 iam
462 3458 568 3538 aonia
597 3456 729 3538 scilicet
753 3461 856 3556 15⁶7·
880 3454 1056 3562 Philippos
1083 3456 1326 3562 Hispaniarum
1353 3458 1434 3540 Rex
1463 3484 1522 3560 25.
1545 3464 1680 3565 Jauua·

61 3579 104 3657 tii
133 3586 192 3677 m)
215 3579 374 3656 Litterae
397 3582 446 3656 ad
473 3576 735 3679 christophorum
758 3573 1022 3679 Wuerbergiae
1043 3578 1170 3656 Ducem
1195 3577 1354 3659 Murrio
1374 3583 1495 3675 dedit,
1519 3586 1680 3685 aliasque

60 3699 98 3777 iu
122 3720 261 3795 nupero
286 3709 491 3786 conuentu.
535 3709 576 3777 vt
607 3697 834 3784 audiuimus,
870 3696 952 3794 ejus
979 3698 1090 3776 Soror
1114 3701 1340 3802 Morgorrtbo
1361 3707 1512 3782 Parmae
1538 3708 1576 3785 dt
1599 3705 1680 3784 Pla·

61 3820 201 3897 oeutiae
229 3816 336 3906 Dux,
381 3827 490 3916 atque
520 3817 741 3896 Brabantiae
780 3819 1022 3896 Gubematrix
1055 3820 1175 3899 Vlmar
1203 3821 1336 3921 perlegi
1371 3825 1534 3912 curauit,
1575 3824 1680 3925 queis

61 3936 229 4015 aureoli
255 3935 388 4014 sueuici
414 3936 562 4015 statibus
590 3949 715 4043 contra
735 3935 918 4015 seditiosos
946 3939 1074 4039 Belgas
1097 3940 1273 4021 auxilium
1300 3944 1490 4040 petierunt
1516 4016 1519 4021 .
1543 3944 1679 4025 Verum

59 4080 170 4157 quum
191 4081 237 4133 eo
261 4055 452 4153 praecipue
475 4067 638 4156 tempore
669 4056 784 4135 tantia
815 4055 913 4132 iutra
946 4058 986 4136 dr
1017 4057 1106 4157 sorip
1132 4060 1341 4139 Romanum
1376 4063 1573 4161 imperium
1600 4086 1680 4164 pre·

56 4189 219 4259 meretur
244 4172 429 4253 Bellorum
457 4176 636 4262 motibus,
684 4187 725 4255 vt
745 4177 795 4276 n)
820 4199 933 4277 quum
956 4174 1017 4272 ipsi
1041 4178 1177 4255 Circuli
1206 4179 1312 4257 nostri
1342 4181 1544 4263 Direilorea
1574 4184 1678 4265 Mar·

53 4325 113 4379 cas
136 4290 278 4379 ,sibim
300 4296 341 4374 S.
362 4295 409 4372 R.
430 4295 475 4374 F.
493 4295 704 4375 -Cardinaiia
728 4298 768 4376 dr
799 4296 994 4396 Episcopus
1019 4296 1318 4384 Constantiensra,
1355 4312 1467 4402 atque
1491 4301 1678 4387 beruco

860 4416 996 4511 Mma
1122 4466 1127 4475 -
1589 4425 1679 4509 Dux

93 4602 518 4691 mmmmm
650 4602 964 4693 „mmm
1092 4603 1674 4707 mmmmm8m

139 4712 172 4797 1)
189 4710 268 4780 uia.
372 4712 424 4794 m)
449 4708 749 4797 Tom.27.foi.13.
856 4706 1164 4798 u)lbrii.soi.181.
1293 4728 1297 4733 ·
