3736 5160
623 242 1045 339 emma
1598 242 1650 329 89

115 420 277 501 Perllitit
301 418 375 497 hoc
399 420 655 500 monasterium
692 447 806 521 penes
838 418 1125 501 sanstimonides
1150 418 1292 503 ordinis
1312 415 1422 497 nollri
1455 434 1572 517 nsque
1600 415 1649 493 ad

40 544 219 643 bargina
245 541 427 621 Bauariae
446 542 599 621 Ducem.
646 544 718 643 Qui
741 568 854 644 quum
876 542 1014 620 ordinis
1028 565 1172 641 quoque
1186 538 1404 626 saluatoris,
1428 540 1488 615 seu
1508 538 1547 615 S.
1565 536 1648 614 Bri·

42 666 133 765 p'ttae
161 664 203 741 in
237 662 410 740 Ditiones
442 662 523 739 suas
554 663 753 740 inducendi
791 663 966 740 desiderio
997 674 1198 751 teneretur,
1234 684 1258 737 a
1286 660 1442 737 Summo
1469 657 1646 734 Pontifice

44 786 128 865 boile
156 783 343 871 obtinuit,
371 794 414 860 ut
435 781 633 881 Brigitanis
664 783 802 860 nostrae
823 782 946 861 locum
975 785 1166 866 cederent,
1207 780 1306 879 quod
1332 776 1648 858 ratumenna.
1733 810 1737 818 ¹

51 914 131 1007 14⁸⁶.
152 904 287 991 hodie,
312 914 353 981 vt
370 903 497 988 audio,
523 903 586 980 vix
606 926 681 979 non
698 903 890 1001 prostratae
911 928 1038 980 aarum
1060 924 1120 978 res
1138 898 1275 997 jacent.
1324 897 1428 978 Nolit
1454 897 1574 987 Deus,
1606 910 1649 978 vt

50 1040 163 1105 antam
194 1022 428 1123 antiquitatis
455 1024 494 1101 dr
521 1023 792 1101 munificentiae
818 1024 1003 1103 Guelsicae
1026 1031 1326 1109 monumentum,
1350 1019 1559 1121 primaeque
1582 1043 1650 1098 no·

53 1146 117 1227 bat
137 1146 268 1223 Cunae
293 1142 364 1220 else
389 1141 572 1221 desinant!

10 1330 14 1413 l
119 1338 233 1417 Anno
260 1352 367 1439 1278.
390 1338 486 1415 Inita
506 1338 557 1415 est
576 1334 798 1414 Fratemitas
823 1337 919 1415 inter
944 1336 1123 1427 nostrum,
1146 1336 1186 1415 dc
1209 1336 1248 1413 S.
1271 1334 1444 1413 Andreae
1469 1333 1653 1415 Monate·

10 1447 17 1475 ''
55 1458 121 1541 1ἰ1111
140 1460 340 1547 Mantuae,
376 1458 523 1535 sedente
552 1458 692 1535 ibidem
726 1459 774 1563 ad
808 1457 989 1537 Abbatiae
1015 1458 1162 1535 clauum
1193 1456 1348 1533 Alberto
1374 1455 1536 1545 Abbato,
1577 1480 1650 1555 qua

58 1578 135 1681 bre
160 1578 248 1657 alibi
279 1578 391 1657 susrus
412 1578 524 1657 asturi
548 1578 682 1654 sumus.
751 1576 1070 1656 confraternitatis
1096 1580 1206 1677 hujus
1236 1576 1563 1655 confirmationem
1586 1576 1649 1657 sub
1750 1584 1753 1589 ’

60 1696 167 1799 libate
192 1698 317 1777 nollro
335 1701 489 1799 ,Joaune
507 1698 562 1775 ¹de
582 1696 788 1776 Ellendorsf
809 1698 943 1777 fastan
966 1698 1068 1777 fuisse
1091 1698 1185 1779 infra
1205 1697 1383 1777 inuenies.

58 1970 61 1975 .
124 1894 402 1975 obstantem
429 1895 671 1974 meritissimus
708 1892 834 1971 Abbas
860 1916 957 1969 anno
985 1914 1089 1987 1299.
1111 1892 1156 1970 V.
1180 1893 1333 1971 Kalend.
1367 1890 1548 1992 prunarii,
1589 1890 1651 1971 seu
1815 1876 1818 1882 ¹

59 2026 102 2101 tt.
123 2014 345 2101 Decembris.
389 2025 430 2093 vt
463 2027 572 2092 vetus
600 2014 855 2113 Necrologium
890 2012 1024 2089 Seculo
1047 2014 1143 2094 XIV.
1185 2013 1287 2089 scribi
1324 2026 1493 2111 coeptum
1526 2013 1649 2093 habet.

11 2157 20 2243 J
64 2130 203 2233 &palm
224 2136 277 2213 est
302 2136 340 2211 in
366 2134 515 2232 Capella
543 2137 583 2212 S.
611 2135 728 2222 Petri,
775 2135 823 2210 ad
850 2132 950 2209 hunc
973 2156 1087 2234 vsque
1116 2156 1254 2211 annum
1281 2132 1396 2211 vitam
1422 2136 1651 2231 &regimen

67 2254 229 2351 produxille
260 2255 401 2332 constat
428 2280 476 2333 ex
506 2255 658 2333 Litteris
689 2254 889 2331 concambii
910 2254 1009 2352 quod
1041 2254 1276 2334 Hermannus
1304 2253 1364 2331 hic
1397 2255 1527 2333 habuit
1565 2282 1652 2339 cum

45 2370 203 2453 stennon
228 2376 410 2455 Pincerna
439 2376 486 2451 de
509 2374 730 2453 Yttendorff:
775 2374 892 2450 Arium
929 2374 1129 2470 lVer'ngarten
1161 2379 1256 2469 mense
1287 2378 1367 2473 majo
1391 2374 1487 2453 Auno
1512 2380 1567 2455 M.
1590 2382 1650 2457 oe.

10 2484 12 2537 :
54 2492 322 2573 mmm
355 2502 460 2595 prino
500 2519 579 2574 anno
617 2497 723 2595 Regni
755 2494 937 2597 Sercmffirni
969 2496 1103 2574 Donatus
1135 2498 1262 2576 Albuti
1297 2498 1400 2595 uago
1430 2500 1652 2585 Ronuaorunr.

223 2896 696 2989 FRIDERICVS
749 2898 852 2985 ΑΒ.
890 2896 1457 2991 HELLERSPERG

345 3098 350 3109 .
620 3034 854 3125 ABBAS,
900 3035 1061 3115 XVIL

128 3232 238 3313 Hanc
260 3254 359 3309 anuo
386 3254 480 3327 1300
511 3228 674 3327 regimen
707 3230 808 3307 luisse
838 3228 1060 3327 auspicatum
1093 3230 1230 3308 condat
1260 3255 1309 3309 ex
1341 3232 1456 3310 ternis
1486 3232 1653 3313 Arclriuil

10 3404 15 3438 t
62 3352 143 3433 ulti
165 3352 318 3431 Litteris
342 3350 415 3427 hoc
444 3373 542 3425 anuo
572 3349 633 3426 sub
665 3350 736 3428 hoc
760 3352 903 3428 Abbate
927 3351 1046 3435 datis;
1080 3350 1270 3449 praecipue
1302 3376 1388 3430 vero
1413 3378 1460 3429 ex
1485 3378 1653 3434 concam·

10 3445 15 3570 ξ
63 3470 121 3563 tn,
162 3474 224 3553 seu
253 3471 377 3573 potius
407 3469 567 3569 quadam
597 3470 854 3569 compositione
889 3470 1114 3550 Fridericum
1143 3472 1240 3547 inter
1277 3469 1318 3547 dc
1353 3472 1573 3554 Abbatissam
1613 3478 1655 3554 in
1783 3488 1788 3495 ’

27 3581 157 3675 ‘und
185 3618 285 3671 anno
320 3614 414 3687 1300
447 3588 608 3665 intrante
638 3590 763 3667 Mense
789 3590 899 3691 Junio
930 3592 1054 3670 ludist.
1084 3591 1145 3671 lv.
1178 3591 1281 3671 satta
1351 3592 1524 3672 Proximo
1555 3620 1655 3675 anuo

55 3712 138 3795 'alen
153 3716 329 3793 Friderscw
349 3709 468 3787 nescio
492 3708 621 3807 quibus
645 3710 852 3787 confiliariis
876 3714 976 3800 rsus,
1010 3712 1175 3806 Etruscam
1193 3706 1396 3809 parochialem
1419 3720 1453 3790 in
1480 3716 1651 3805 Err‘rlo‘rclr.

24 3834 28 3856 '
59 3856 134 3933 pne
150 3830 364 3913 monasterio
387 3830 613 3927 incorporata
635 3841 733 3919 erat,
771 3842 880 3929 atque
904 3832 1078 3931 insignem
1104 3832 1240 3911 Villam
1271 3856 1357 3911 curn
1380 3838 1548 3914 omnibus
1571 3841 1653 3916 Pos-

60 3952 240 4035 blionibus
264 3976 309 4031 ac
327 3950 641 4052 Jurisditiionibus
673 3948 800 4027 addita
828 3951 970 4050 insuper
993 3953 1142 4031 notabili
1174 3956 1349 4050 pecuniae
1373 3956 1527 4035 Summa
1551 3982 1651 4037 com-

62 4086 160 4153 aaut
182 4098 268 4151 cum
290 4072 443 4149 Hoimico
470 4070 613 4167 Episcopo
639 4070 853 4172 Couslmtienfi
872 4073 1110 4151 renunciante
1135 4086 1263 4171 quartae
1281 4084 1371 4175 parti
1396 4077 1594 4154 Deciorumn
1619 4089 1653 4157 in

66 4192 138 4291 lap
193 4194 331 4271 Datum
355 4190 395 4269 &
418 4189 551 4268 Atium
575 4190 773 4267 constantie
800 4216 897 4269 anno
921 4192 1072 4274 Domini
1095 4194 1282 4275 millesimo
1306 4195 1557 4295 trecentesrrno
1581 4201 1653 4299 pri·
1809 4264 1822 4281 ,

66 4330 114 4391 lu
129 4316 218 4395 lllX.
240 4312 321 4393 Kal.
344 4312 527 4411 Septemb.
552 4310 677 4389 Indidi.
700 4310 798 4391 XIV.

137 4512 243 4593 Anno
271 4528 376 4605 1305.
409 4502 550 4605 Jomnrs
582 4504 719 4603 aniser
747 4508 784 4582 de
820 4506 970 4605 Waipurg
994 4510 1192 4608 postulatus
1223 4512 1268 4588 ab
1300 4512 1442 4592 Abbate
1474 4513 1655 4595 Friderico

78 4622 279 4733 'nqmedam
309 4624 457 4727 praedia
486 4624 701 4705 Aduocatus
731 4624 829 4705 datis
858 4626 1010 4707 Litteris
1044 4642 1122 4711 tam
1149 4654 1216 4732 pro
1245 4632 1300 4723 se,
1342 4658 1453 4737 uram
1487 4619 1656 4736 proluis

10 4748 25 4805 ἕ
901 4749 945 4830 Μ
1534 4756 1660 4837 haere·
