3736 5160
357 236 410 309 82
787 304 791 313 ,
962 225 1382 322 ammo*

354 380 516 499 „preces'
537 400 576 481 dr
605 400 819 477 mandatum
855 403 1002 500 predidi
1026 404 1175 481 Domini
1207 407 1248 483 C.
1278 405 1404 501 Sigilio
1427 404 1544 484 nostro
1568 405 1722 484 fecimus
1751 426 1833 482 conr

87 551 117 638 1χ
355 521 525 607 „Atium
554 524 590 596 dr
616 523 742 595 datum
765 521 920 624 Neapoli
949 548 1046 602 anno
1072 525 1221 606 Domini
1245 527 1303 604 Μο
1322 525 1415 603 C⁰C.
1435 527 1608 607 Loxvlu
1636 525 1697 604 die
1724 524 1830 604 Lune
1866 533 1868 594 ζ

214 676 232 693 ν
353 642 515 727 ..ottob
538 639 662 716 Indici.
684 638 791 726 XIL„

427 845 577 970 Altera,
603 882 754 958 Frr'dericr‘
777 877 928 968 scilicet,
955 879 1002 960 stc
1026 881 1148 961 sonat:
1272 987 1275 990 ἢ

449 1170 471 1206 ,,
486 1120 639 1214 liriuerfir
668 1122 818 1218 presentes
844 1121 975 1195 Liberos
996 1123 1188 1218 insontium,
1228 1119 1370 1221 Joannrr
1401 1122 1552 1199 Bricaudi
1579 1118 1685 1198 Duus
1715 1121 1764 1197 de
1796 1120 1868 1199 Ν..

358 1236 537 1326 „salutern
569 1244 607 1320 dt
638 1242 786 1339 syncere
813 1238 1015 1317 dileuionis
1048 1240 1224 1319 affeiiurn.
1275 1240 1481 1325 Noueritis,
1508 1242 1605 1337 quod
1630 1241 1734 1317 nobis
1756 1244 1858 1337 prese

360 1358 426 1445 „dc
453 1360 580 1436 multis
608 1361 680 1436 iide
702 1359 839 1455 dignis.
867 1359 970 1435 Dnus
995 1361 1035 1436 F.
1064 1361 1149 1437 Dux
1173 1360 1315 1438 riustrie
1336 1365 1440 1438 sanun
1469 1373 1593 1436 mente
1621 1363 1659 1439 ἀ
1689 1376 1859 1460 corpore,

354 1476 485 1563 „hunc
513 1479 549 1556 in
578 1483 730 1556 modum
761 1480 841 1575 jure
869 1478 1097 1563 testamenti.
1136 1482 1208 1555 bue
1232 1482 1365 1576 scripti,
1402 1482 1460 1559 vel
1483 1478 1728 1558 codicillorum
1753 1481 1862 1557 volun

354 1597 545 1687 „ultimam
573 1598 782 1675 deciarauit.
828 1598 995 1695 Inprimis
1018 1599 1153 1695 legauit
1178 1600 1270 1674 Duci
1295 1601 1513 1686 Ludeu'ico,
1538 1599 1576 1675 dr
1599 1599 1692 1672 Duci
1716 1598 1764 1675 H.
1795 1602 1833 1678 dt
1864 1636 1868 1663 ε

298 1750 307 1767 ·
357 1716 580 1804 „heredibus
603 1729 719 1794 totam
742 1732 894 1805 terram,
927 1743 998 1817 que
1029 1722 1073 1794 ad
1100 1719 1210 1814 ipsum
1239 1720 1275 1795 in
1298 1719 1442 1798 dustria
1461 1719 1540 1814 jure
1567 1717 1787 1795 hereditario
1813 1743 1858 1816 pe

358 1836 478 1925 „item
506 1837 621 1913 voluit
647 1837 685 1914 dr
710 1836 912 1922 ordinauit,
939 1839 1036 1935 quod
1061 1836 1122 1934 ipsr
1144 1861 1207 1933 pro
1233 1840 1355 1916 anima
1383 1840 1444 1914 sua
1470 1838 1609 1913 soluant
1628 1837 1771 1914 ratione
1799 1837 1848 1913 he

352 1956 444 2040 mrie
471 1957 719 2046 conceffionis,
756 1956 924 2052 Inprimis
951 1958 1028 2033 CC.
1051 1957 1128 2032 Lib.
1154 1958 1465 2055 Ratisnonerisrum
1495 1958 1596 2033 Mon.
1627 1957 1784 2033 dnarum
1815 1956 1854 2032 in

365 2076 529 2160 ‚deshdt
599 2078 689 2153 Item
716 2075 933 2154 Monasterio
965 2078 1002 2152 S.
1036 2076 1233 2154 catharine
1264 2078 1300 2154 in
1330 2078 1490 2173 Augusta
1517 2077 1560 2151 C.
1588 2075 1684 2154 Libr.
1718 2077 1867 2173 Ratisp

211 2190 215 2197 ’
354 2195 477 2301 „item
504 2195 722 2273 Monaii'erio
745 2199 791 2273 de
816 2195 1004 2272 Kaishaim
1031 2197 1106 2272 CC.
1129 2198 1208 2273 Lib.
1233 2200 1486 2295 Rarisponens.
1534 2196 1630 2274 ltcm
1650 2195 1860 2272 Monasteri·

88 2363 90 2416 3
356 2315 433 2402 „ni
465 2316 662 2410 Sanguinis
697 2318 744 2391 de
772 2317 1007 2411 Winegarten
1035 2317 1111 2393 CC.
1139 2318 1215 2395 Lrb.
1245 2315 1571 2415 Ratisponensrum.
1642 2317 1731 2393 Item
1758 2318 1864 2391 Mon

37 2463 39 2482 ⁹
240 2528 243 2533 Ι
355 2436 422 2521 ,.S.
451 2430 565 2510 biarie
599 2438 645 2511 de
675 2436 835 2510 maudtis
862 2434 905 2510 C.
936 2435 1013 2510 Lib.
1083 2438 1174 2513 Item
1202 2440 1360 2513 Centum
1391 2435 1469 2510 Lib.
1499 2435 1715 2514 Monasterio
1750 2438 1800 2512 de

32 2536 37 2571 ¹
81 2535 82 2548 ἵ
352 2552 475 2641 ..Item
499 2554 725 2631 Monaiieriis
759 2555 797 2631 S.
822 2554 982 2659 Nicolari³
1018 2555 1078 2631 vbi
1111 2557 1279 2653 prediiiis
1313 2555 1472 2632 Ducibus
1510 2554 1691 2633 videbitur
1724 2558 1856 2655 exped'

351 2672 458 2764 „Lib
502 2672 697 2751 Resrduum
740 2698 826 2752 vero
862 2672 961 2752 mute
995 2673 1102 2752 Libre
1129 2676 1273 2760 dentur.
1330 2688 1371 2754 vt
1409 2675 1464 2751 ein
1496 2674 1628 2752 meiius
1661 2675 1844 2755 videbitur

351 2795 491 2883 ‚,dire.-
544 2794 636 2870 Itern
673 2793 758 2893 quia
797 2795 907 2870 iidem
951 2817 1077 2870 eorum
1117 2795 1298 2889 cognoscit
1341 2794 1482 2888 rogauit
1522 2820 1586 2870 eos
1632 2819 1696 2894 pro
1734 2797 1862 2873 anima

35 2983 37 2990 ,
87 3009 88 3014 ¹
350 2911 475 3002 „Item
519 2914 661 3008 rogauit
704 2916 766 3012 qui
825 2914 983 2989 habeant
1035 2918 1369 2991 recommendatam
1406 2915 1505 2990 suam
1545 2939 1694 2992 uxorem
1731 2917 1769 2993 dt
1807 2916 1843 2992 so

80 3107 81 3148 n
167 3052 171 3059 ·
251 3022 253 3027 ’
351 3033 472 3119 „ltern
510 3033 690 3131 prediiius
724 3031 763 3108 F.
800 3031 935 3128 legauit
973 3033 1083 3108 Matri
1122 3034 1182 3108 sue
1218 3033 1407 3112 &sorori
1444 3032 1504 3109 sue
1541 3047 1674 3111 terram
1707 3035 1804 3112 stirie
1854 3070 1858 3085 ·

352 3151 568 3241 „nel'aciant
593 3175 659 3250 pro
693 3152 814 3228 anima
837 3153 897 3227 sua
929 3154 965 3230 dr
1005 3155 1147 3247 rogauit
1191 3155 1286 3250 quod
1319 3170 1437 3231 mater
1465 3152 1526 3227 sua
1575 3154 1639 3228 det
1673 3140 1736 3252 pro
1754 3154 1867 3246 anim

274 3314 281 3323 ,
352 3314 433 3358 ‚,-
458 3272 597 3349 CCCC.
628 3295 769 3347 marcas
799 3272 948 3366 argenti.
995 3271 1088 3346 Item
1110 3274 1206 3369 quod
1235 3273 1361 3347 reddet
1385 3274 1431 3346 de
1448 3269 1664 3373 sturmarctanr
1678 3282 1782 3349 nenti
1799 3274 1838 3373 *)

34 3419 37 3442 ²
86 3383 100 3468 ,’
236 3387 239 3393 ’
354 3414 527 3480 „marcas
549 3392 791 3469 denariorum.
866 3391 958 3465 Item
991 3391 1088 3488 quod
1122 3393 1256 3465 dentur
1286 3393 1329 3465 L.
1361 3392 1472 3469 Vncie
1505 3413 1569 3488 pro
1599 3391 1723 3467 anima
1746 3392 1827 3483 sua,

352 3513 485 3599 „dedit
509 3511 543 3586 ei
572 3513 720 3610 quidam
752 3513 955 3597 mercator,
1002 3533 1112 3608 quern
1141 3534 1213 3584 non
1245 3510 1434 3606 cognoscit.
1497 3509 1590 3585 ltem
1624 3510 1671 3587 de
1702 3511 1866 3592 dictisc

349 3630 514 3719 „marcis
546 3631 697 3726 Argenti
728 3632 861 3707 dentur
892 3630 1005 3705 XXX.
1043 3653 1163 3705 marce
1191 3629 1409 3707 Monaiierio
1442 3630 1480 3705 S.
1503 3628 1620 3704 Marie
1647 3631 1694 3705 de
1721 3630 1863 3709 Bouro

339 3750 596 3845 '‚‚affignantur
613 3750 676 3825 iste
701 3748 812 3826 XXX
837 3772 959 3825 marce
985 3748 1143 3823 Domino
1169 3749 1339 3849 stephano
1363 3747 1529 3843 ejusdem
1554 3748 1755 3827 monasterii
1783 3752 1824 3828 S

285 3877 291 3887 '
351 3871 469 3959 „item
494 3871 540 3945 de
564 3868 705 3945 CCCC.
728 3870 859 3944 marcis
878 3864 1009 3944 dentur
1030 3868 1140 3943 XXX
1157 3891 1277 3943 marce
1296 3868 1465 3943 fratribus
1492 3867 1692 3944 minoribus
1711 3870 1760 3945 de
1783 3873 1868 3959 Wo

349 3988 575 4080 „Resuuum
612 3989 719 4063 detur
748 3988 807 4065 vbi
837 3988 968 4063 meiius
998 3985 1180 4063 videbitur
1209 3988 1379 4084 expedire
1404 4012 1468 4085 pro
1497 3989 1621 4063 anima
1649 3988 1726 4074 sua,
1751 4012 1824 4088 que
1856 4031 1863 4059 .

350 4109 498 4200 „valere
531 4108 645 4185 voiuit
670 4109 751 4203 jure
778 4108 1002 4192 testamenti,
1035 4107 1091 4184 vel
1123 4105 1400 4193 Codiciliorurn,
1435 4118 1499 4181 aut
1526 4107 1719 4201 cuiuslibet
1740 4111 1846 4188 alteri

348 4230 471 4315 „time
494 4226 713 4312 voluntatis,
735 4250 799 4324 per
820 4231 918 4325 quod
943 4225 1090 4321 majoris
1110 4225 1244 4301 roboris
1269 4226 1456 4301 obtineant
1477 4225 1697 4302 firmitatem.
1745 4228 1785 4305 In
1811 4256 1864 4331 qu

348 4348 543 4438 „omnium
576 4345 820 4423 testimonium
851 4347 1085 4445 presentium,
1131 4345 1170 4421 ἂν
1189 4344 1403 4422 memoriam
1430 4345 1633 4424 futurorum
1656 4348 1831 4445 presentia

347 4470 493 4559 „menti
521 4468 688 4568 paginam
725 4468 773 4549 od
796 4489 922 4568 preces
953 4470 990 4547 br
1017 4468 1232 4546 mandatum
1264 4466 1411 4564 predicti
1433 4465 1584 4544 Domini
1617 4466 1657 4545 F.
1683 4468 1811 4568 Sigisso
1860 4511 1865 4540 .

386 4725 421 4808 *)
442 4720 493 4790 D'c
511 4721 599 4808 lego..
