3736 5160
96 374 351 461 lhurdotali,
375 374 563 475 vitamque
592 396 717 471 gerere
742 372 944 459 clericalem
970 373 1009 451 dc
1039 368 1247 455 honestam,
1290 364 1330 445 dc
1363 389 1384 441 a
1411 362 1527 443 Ludis
1560 360 1756 467 vetitis&

96 496 279 594 ingressu
300 497 553 584 tabernarum,
591 494 656 571 nifi
680 493 839 571 honesta·
861 494 978 570 caussa
1010 490 1198 577 subi'uerit,
1237 487 1429 573 abstinere,
1470 510 1537 561 nec
1559 484 1689 582 queuis
1715 482 1754 559 in

96 622 256 707 sorno,
277 616 337 695 vel
358 615 523 715 expensis
547 614 617 692 suis
641 614 898 701 concubinam,
926 611 984 690 vei
1003 609 1193 689 mulierem
1209 610 1400 708 suspeslam
1423 608 1567 683 habere.
1616 603 1658 680 lu
1674 603 1753 701 qui·

96 762 207 825 ns,
231 737 292 813 seu
307 758 462 837 quorum
478 735 612 822 altero,
638 735 696 814 vel
723 732 793 811 alio
816 734 928 812 modo
952 754 1182 831 quocumque
1203 730 1478 830 delinquentes,
1504 720 1754 803 saltem'enor·

96 852 505 952 niter‚Praepos1tus
534 859 573 935 dt
596 855 774 931 Canonici
794 854 964 952 praediiti
988 852 1115 953 pollint
1133 868 1190 950 par
1209 846 1641 946 OrdmrlumLocipoena
1669 868 1754 921 can·

96 980 242 1067 nica,
267 986 376 1075 prout
390 975 546 1074 qualitas
562 975 721 1052 excelsus
736 975 914 1073 exegerit,
938 973 1057 1074 puniri
1049 971 1098 1047 Γ
1088 997 1147 1049 ue
1170 969 1342 1050 mulilari
1394 966 1531 1057 Sedb,
1502 966 1755 1065 tbtquoties

96 1096 313 1193 :obtinget
327 1095 443 1175 distes
458 1095 703 1193 Praepositum
720 1095 985 1193 &Capitulum
1003 1092 1025 1167 Γ
1016 1118 1077 1169 tue
1098 1092 1304 1170 canonicos
1322 1102 1446 1168 contra
1462 1086 1632 1187 personas
1646 1110 1755 1185 quas·

96 1240 275 1316 :umque
299 1238 365 1315 pro
388 1215 595 1293 defensioue¹
612 1217 672 1292 seu
691 1214 964 1314 recuperatione
983 1214 1124 1314 Jurium
1141 1212 1215 1289 siue
1236 1213 1414 1291 bonorum
1437 1209 1554 1289 dislae
1576 1205 1756 1285 Ecdeme

96 1334 337 1441 ¹iudicialiter
359 1336 534 1449 erpetui,
570 1336 627 1413 vel
644 1337 756 1411 etiam
776 1348 880 1410 extra
906 1332 1125 1431 judicialiter
1146 1332 1334 1430 placitare,
1364 1333 1403 1408 id
1420 1332 1498 1409 lieri
1521 1331 1632 1409 debet
1656 1351 1757 1405 com·
1792 1402 1797 1409 .

98 1457 292 1543 munibus
310 1440 485 1533 sumtibus
505 1453 721 1553 &expenfis
741 1434 907 1549 ejusdem
921 1453 1120 1538 Ecclesiae,
1138 1452 1210 1527 siue
1226 1452 1385 1551 Capituli
1403 1454 1585 1549 praedisti.
1636 1449 1677 1526 Si
1694 1471 1757 1525 ve·

113 1606 157 1661 tu
182 1578 283 1655 iuter
315 1576 470 1653 eosdem
490 1573 733 1673 Praepositum
761 1578 798 1653 δι
819 1575 1028 1674 Capitulum
1047 1572 1069 1644 Γ
1061 1596 1118 1647 ue
1134 1572 1341 1649 Canonicos
1359 1573 1602 1649 communiter
1626 1568 1684 1650 vel
1699 1568 1757 1644 di·
1767 1630 1771 1639 .

126 1696 221 1777 uiiuu
245 1720 297 1773 ex
318 1718 408 1785 vua,
442 1697 481 1775 bt
505 1718 771 1794 quemcumque
797 1696 856 1773 seu
883 1717 1133 1794 quoscumque
1161 1692 1332 1791 subjeilos
1354 1693 1439 1770 diiii
1461 1692 1592 1778 Casiri,
1625 1692 1685 1767 seu
1708 1690 1756 1767 ad

121 1820 233 1919 'ipsum
246 1816 414 1893 Castrum
425 1816 650 1914 pertinentes
668 1839 716 1890 ex
732 1816 862 1902 altera,
887 1814 988 1914 super
1002 1838 1058 1904 re,
1085 1815 1145 1889 seu
1164 1838 1212 1888 ex
1232 1812 1348 1891 caussa
1367 1836 1594 1912 quacumque
1611 1811 1757 1889 contin·

145 1954 224 2035 peret
241 1936 328 2014 oriri
345 1934 537 2013 materiam
558 1934 796 2033 quaestionis,
821 1935 1033 2033 hujusmodi
1058 1933 1217 2033 quaestio
1237 1933 1353 2033 primo
1373 1935 1630 2010 deferri.debet
1650 1930 1756 2009 adil·

96 2062 98 2071 '
150 2058 223 2147 lun,
241 2056 303 2133 seu
325 2058 374 2131 ad
391 2054 472 2129 illos
494 2054 532 2129 in
557 2077 711 2151 quorum
730 2056 903 2130 Dominio
925 2056 1061 2132 ditium
1077 2052 1241 2133 castrum
1268 2066 1358 2132 tunc
1384 2055 1523 2139 existit,
1550 2056 1574 2128 Γ
1594 2054 1671 2131 fieti
1693 2076 1757 2153 po·

124 2194 128 2201 '
158 2176 220 2263 teu,
237 2172 448 2275 hujusmodi
468 2173 626 2273 quaestio
642 2174 821 2252 amicabili
837 2174 1096 2274 compositione
1114 2175 1215 2253 licito
1235 2178 1347 2255 modo
1369 2177 1407 2256 dt
1428 2176 1579 2254 honesto
1601 2175 1758 2275 sopiatur

167 2292 419 2375 &terminetur
498 2292 675 2392 Alioquin
700 2294 725 2371 Γ
756 2293 935 2373 amicabili
967 2296 1227 2394 compositione
1253 2298 1441 2377 terminari
1461 2322 1536 2374 non
1566 2297 1685 2399 point,
1708 2295 1779 2381 ad.

166 2412 408 2495 salestailicum
438 2415 608 2515 Judicem
637 2437 702 2512 pro
729 2416 939 2513 hujusmodi
976 2419 1196 2514 quaestionis
1224 2418 1404 2497 decisione
1432 2420 1595 2496 recursus
1623 2400 1782 2493 habea-¹

162 2544 208 2613 tur.
225 2574 229 2579 ·
246 2580 294 2597 -
342 2579 394 2596 -
442 2578 493 2593 —
542 2576 600 2592 --
641 2536 832 2614 Praemiila
863 2560 948 2633 ergo
978 2538 1127 2616 Statuta
1151 2544 1189 2618 bc
1222 2538 1480 2616 Ordinationes
1515 2563 1584 2614 nos
1614 2538 1757 2639 Jamatt

158 2650 239 2733 allas
274 2662 319 2747 ἃ
361 2656 598 2755 commissarius,
630 2657 926 2755 praenominatus
967 2659 1195 2737 Austoritate
1234 2660 1442 2756 Apostolica
1479 2659 1660 2759 praediiia
1699 2658 1756 2735 iu·
1831 2644 1841 2659 ⁸

127 2792 326 2867 muamus,
363 2780 623 2876 adprobamus,
667 2774 706 2853 bt
740 2789 782 2856 vt
808 2777 1037 2877 praemissum
1071 2779 1137 2865 eii,
1180 2779 1388 2878 Apostolico
1418 2778 1622 2857 munimine
1650 2780 1757 2857 robo-

153 2916 260 2975 Dssllis.
309 2942 362 2957 —
410 2938 460 2955 ·-
508 2938 558 2955 -
606 2936 656 2955 -
1473 2923 1483 2937 ·

224 3140 327 3227 Quae
362 3140 441 3217 asia
474 3139 555 3215 sunt
592 3136 629 3211 in
669 3133 801 3229 Ecclesia
842 3138 1088 3214 Bettmbrunneo
1120 3136 1332 3238 praescripta
1370 3139 1429 3216 sub
1469 3117 1566 3215 anuo
1606 3138 1755 3216 Domini

149 3256 323 3337 ililiebmo
345 3257 597 3335 trecentesimo
619 3256 860 3351 Nonagesimo
886 3282 995 3335 nono.
1046 3259 1285 3335 pontificatus
1310 3259 1522 3338 Sanctiffimi
1549 3259 1587 3335 in
1614 3259 1757 3337 Christo

148 3376 246 3455 Patris
277 3378 317 3456 bt
349 3377 500 3454 Domini
531 3375 640 3451 nostri
670 3376 818 3451 Domini
843 3378 1023 3454 Bonifatii
1049 3380 1184 3456 Diuina
1216 3382 1450 3459 Prouidentia
1487 3380 1607 3478 Papae
1639 3380 1755 3467 Noni.

148 3517 227 3575 uuo
257 3496 430 3585 Decimo,
455 3499 502 3573 de
529 3496 653 3573 blense
680 3497 797 3595 Aprili
826 3499 931 3573 beria
956 3498 1114 3575 secunda
1138 3502 1198 3577 seu
1223 3501 1283 3578 die
1306 3501 1449 3591 Lunae,
1482 3502 1777 3603 septimarum

147 3614 386 3715 istiusdem,
410 3616 500 3694 hora
520 3617 718 3695 Nonarum
744 3615 813 3693 vel
833 3617 941 3741 quad.
993 3622 1240 3697 Praesentibus
1268 3622 1538 3699 honorabilibus
1568 3624 1605 3701 δι
1628 3622 1755 3700 discre-
1835 3676 1838 3681 ·

147 3736 185 3815 tis
209 3740 307 3820 Vitis
330 3738 498 3813 Dominis
521 3726 692 3812 Conrado
721 3739 815 3814 disto
840 3707 1122 3839 Scbilrpspsen‘
1111 3764 1149 3814 ιιι
1177 3740 1404 3829 Psuiendori,
1429 3766 1497 3819 nec
1520 3768 1592 3819 non
1615 3744 1756 3843 Joanne

148 3854 310 3937 Zamler
297 3878 336 3935 ιιι
366 3856 529 3942 Suldorf‚
568 3882 611 3934 ac
641 3858 796 3936 Vltico
786 3880 823 3933 ιιι
849 3860 1038 3944 limensee,
1063 3860 1166 3957 saepe
1192 3863 1308 3940 dictae
1336 3862 1617 3941 constantiense
1648 3864 1756 3939 Dioe·

149 3976 220 4055 tests
247 3976 487 4055 Ecclesiamm
517 3978 727 4055 lletioribus
767 3978 826 4053 seu
856 3980 1041 4068 l’lebanirt,
1089 3984 1127 4059 dt
1160 3982 1241 4056 aliis
1273 4006 1384 4081 quam
1410 3984 1571 4082 pluribus
1596 3984 1782 4121 personis·

150 4092 207 4173 ide
230 4098 349 4194 dignis
372 4096 520 4175 testibus
548 4099 596 4174 ad
620 4098 806 4196 praemissa
831 4100 971 4177 vocatis
1000 4100 1199 4198 specialiter
1223 4101 1261 4179 bt
1284 4104 1430 4200 rogatis.

227 4336 278 4415 Et
305 4358 374 4433 ego
405 4340 535 4413 Petrus
573 4337 792 4434 En'gelhatd,
834 4339 997 4418 Clericus
1036 4342 1343 4439 moguntinensis,
1381 4338 1547 4441 publicus
1577 4342 1757 4445 imperiali

151 4454 361 4537 sonoritate
388 4456 581 4534 Notarius:
612 4460 698 4556 quia
721 4462 1013 4559 praescriptarum
1042 4462 1224 4541 literarum
1252 4464 1535 4563 Apostolicarum
1560 4466 1758 4564 praesenta·

153 4576 245 4667 imi.
268 4575 469 4676 receptioni
495 4576 535 4657 &
557 4578 744 4679 petitioni,
768 4583 956 4681 distaeque
982 4582 1161 4779 Eglessae
1187 4584 1227 4663 in
1258 4587 1562 4667 Dettenbrunueu
1587 4587 1626 4665 in
1648 4584 1760 4785 erge·

1622 4729 1681 4806 gra
1720 4728 1761 4788 m
