3736 5160
197 248 270 321 aso
799 224 1217 317 ὑψωθῶ*

195 402 274 479 sent
295 402 388 480 sorte
414 388 501 478 hinc
528 426 574 477 es
606 400 700 476 meis
720 400 902 480 Fratribus
931 404 1006 477 duo
1034 402 1091 481 vel
1127 413 1201 479 tres
1231 402 1278 478 ad
1297 410 1442 499 ternpus
1463 395 1738 484 subministrari,
1768 396 1828 494 qui

196 522 343 600 initium
363 521 630 599 reformationis
658 520 838 606 iacerent,
864 525 900 598 dr
923 523 1161 600 fundamenta
1191 521 1287 599 vitae
1314 521 1475 598 melioris
1504 542 1589 596 curn
1616 519 1689 593 Dei
1713 520 1831 613 gratia

54 692 63 706 ·
181 653 391 742 ponerent,
415 641 576 719 instituta
594 640 717 717 saltem
753 640 870 740 aliqua
895 641 1037 742 Grfinrrn
1062 642 1211 719 Letiionr
1228 702 1243 717 ,
1260 683 1310 696 -
1357 639 1468 716 audio
1499 648 1686 737 praeterea
1715 639 1832 733 super·

197 763 266 838 esse
299 763 419 838 adhuc
446 763 631 861 quendam
659 750 866 845 Nouitium,
905 762 969 836 nisr
990 762 1137 838 interim
1166 760 1374 848 discesserit,
1409 771 1474 837 aut
1498 759 1661 837 dimissus
1690 759 1830 840 fueritr

198 884 262 982 qui
287 881 311 958 si
336 881 487 977 alicujus
508 882 593 958 esset
620 879 817 957 indolis&
843 879 999 976 ingenii,
1029 881 1188 961 similiter
1210 882 1284 957 huc
1311 881 1537 968 mitteretur,
1577 902 1621 953 ac
1640 879 1766 974 polica
1792 880 1829 955 iu

195 1002 323 1081 studiis
351 1002 489 1080 diutius
519 1024 667 1099 pergere
695 999 895 1100 sineretur:
937 1013 978 1076 vt
1007 1002 1063 1083 rel
1092 1026 1203 1080 vrum
1232 1003 1429 1087 haberent,
1465 999 1527 1097 qui
1555 999 1738 1096 praeliare
1768 999 1831 1073 ali·

195 1122 301 1223 quid,
326 1126 364 1202 dr
385 1124 444 1199 suo
467 1132 630 1220 ternpore
653 1118 812 1217 aliquam
835 1119 871 1195 in
897 1121 1115 1198 illonallerio
1134 1121 1315 1198 Letiionrnr
1335 1121 1468 1199 habere
1486 1116 1606 1218 pollet.
1670 1118 1718 1194 Si
1741 1119 1832 1198 item

196 1266 245 1321 ex
270 1241 525 1320 maturioribus
550 1224 680 1337 aliquis
711 1229 852 1339 Orgonn
877 1239 1043 1327 disceret,
1080 1239 1246 1319 secularis
1276 1240 1582 1339 Ludimodrruton's
1607 1238 1647 1318 δι
1677 1237 1832 1339 Orgorn'·

110 1438 120 1443 -
186 1370 259 1468 star
280 1363 463 1458 inlocum
484 1362 547 1437 dno
572 1359 731 1464 Religiost
751 1361 1000 1449 succederent,
1023 1362 1141 1460 plures
1161 1360 1290 1439 tierent
1312 1357 1478 1457 Religiosr
1502 1382 1566 1458 pro
1589 1359 1728 1457 majori
1751 1362 1831 1436 Mo·

197 1483 339 1561 naslerii
366 1493 580 1573 ornamento
602 1482 639 1557 dr
659 1481 875 1578 Discipiiuae
897 1482 1101 1557 commodo.
1151 1482 1227 1558 Sed
1250 1483 1358 1557 cardo
1384 1479 1507 1566 restat,
1532 1481 1631 1558 vnde
1656 1480 1832 1558 videlicet

188 1604 350 1704 ,pecunia
376 1601 590 1699 accipienda
616 1623 680 1698 pro
705 1613 762 1676 tot
787 1599 934 1677 biennio
959 1599 997 1674 in
1025 1601 1151 1678 siudiis
1176 1599 1350 1677 alendis?
1413 1600 1494 1695 Ego
1519 1611 1620 1676 certe
1640 1623 1709 1699 pro
1735 1602 1831 1678 bono

35 1778 37 1782 -
128 1798 132 1804 ,
194 1721 393 1821 Religionis
419 1724 457 1799 dr
484 1721 632 1796 Ordinis
655 1744 726 1796 uon
749 1711 916 1816 grauarer
945 1719 1082 1819 aliquid
1108 1722 1351 1820 suppeditare,
1378 1731 1486 1818 prout
1507 1720 1624 1798 etiam
1649 1712 1829 1800 Monasle·

192 1845 248 1922 rio
267 1844 399 1919 Montis
420 1839 458 1918 S.
482 1840 619 1918 Moriar
640 1840 903 1922 succurrimusr
937 1840 996 1917 sed
1021 1840 1136 1919 obstat
1163 1841 1238 1937 jam
1265 1867 1350 1916 nono
1371 1839 1412 1917 si
1432 1843 1529 1916 nimir
1547 1845 1671 1941 grania
1693 1870 1735 1919 rac
1753 1870 1823 1918 one·

193 1964 269 2064 roso
300 1959 496 2038 contributio
527 1964 561 2038 in
591 1960 758 2038 Conurnln
786 1959 1015 2064 Herbipolrnfi
1039 1966 1184 2063 statuum
1213 1961 1524 2062 confoederatorum
1549 1963 1700 2065 decreto,
1730 1986 1819 2060 quae

194 2083 325 2183 merito
350 2105 419 2157 nos
446 2066 601 2159 excusat.
652 2079 755 2158 Haec
778 2081 1084 2159 Reuerendilbnre
1110 2083 1266 2158 Domine
1287 2104 1350 2177 pro
1372 2103 1455 2158 mea
1473 2083 1706 2160 confidentia
1717 2082 1821 2161 subus

139 2246 142 2251 ·
195 2226 269 2280 uon
297 2200 389 2278 nihil
412 2201 510 2279 volui
537 2203 702 2288 scribere,
736 2224 930 2300 meamque
966 2226 1050 2299 erga
1084 2201 1343 2278 celsitudinem
1373 2202 1472 2278 suam
1501 2203 1695 2281 declarare
1720 2205 1823 2281 animi

195 2324 243 2399 ad
264 2319 467 2418 juuandum
491 2321 772 2419 propenbouem.
823 2323 863 2398 ln
890 2322 1011 2400 Sinnin
1035 2313 1158 2398 'nostra
1181 2323 1387 2421 experimur
1411 2345 1574 2421 quoque,
1604 2337 1649 2402 vt
1677 2328 1717 2405 dr
1748 2326 1819 2401 alibi

194 2463 366 2537 magnam
403 2441 654 2517 difficultatem
684 2441 721 2516 in
756 2443 996 2518 reformandis
1036 2442 1286 2527 sidonasteriis,
1329 2466 1448 2541 neque
1475 2442 1545 2518 alia
1590 2446 1815 2522 subuenieud'

198 2562 294 2640 ratio
319 2561 494 2646 occurrit,
520 2559 583 2635 nid
607 2582 715 2657 quarn
742 2559 814 2655 jam
834 2561 948 2657 attigi.
1008 2561 1137 2658 Neque
1157 2585 1249 2660 quae
1270 2564 1464 2639 reformata
1483 2561 1561 2658 jam
1590 2563 1696 2649 sunt,
1728 2567 1811 2641 alim

194 2682 381 2759 reformari
408 2690 609 2779 putruerunt.
671 2681 732 2759 Ab
759 2684 852 2758 unico
865 2680 965 2783 soene
991 2680 1116 2757 lronn'nr
1143 2694 1293 2761 totores
1318 2684 1462 2785 pendet:
1503 2710 1565 2784 qno
1595 2686 1810 2776 cassatim&

195 2800 480 2902 Disciplinarum
505 2827 541 2877 ro
566 2827 609 2877 rx
628 2799 843 2903 extinguitur.

119 3064 132 3074 ’
293 3042 430 3120 Verum
457 3038 652 3133 iaciamus,
678 3052 855 3139 quantum
879 3040 1071 3140 possumus.
1134 3040 1331 3118 Laudanda
1362 3042 1491 3142 optimi
1524 3043 1637 3121 nostri
1662 3044 1798 3145 Principia

54 3170 57 3174 ’
198 3159 411 3240 Sollicitudo
438 3162 485 3235 de
506 3160 568 3234 illo
589 3161 830 3250 monasterio,
856 3185 965 3263 quem
991 3162 1105 3259 Spero
1131 3185 1204 3237 nou
1230 3162 1459 3260 quieturum,
1490 3165 1611 3243 donec
1635 3165 1796 3244 efficaciter

196 3281 400 3359 remedium
429 3280 575 3379 aliquod
605 3280 832 3370 adhibuerit,
866 3281 938 3359 due
971 3284 1069 3381 quod
1091 3305 1158 3378 ego
1190 3281 1372 3379 proposui,
1405 3282 1477 3360 flue
1506 3285 1626 3374 aliud,
1656 3279 1794 3385 proutiu

196 3401 356 3479 Domino
378 3400 568 3478 videbitur.
617 3400 767 3478 Vtinam
790 3402 916 3478 Abbas
944 3417 1092 3503 paratus
1118 3403 1203 3478 esset
1226 3403 1342 3478 s'acere
1374 3403 1532 3502 aliquam
1567 3403 1604 3478 io
1639 3401 1794 3507 tanrpornsi·

73 3598 80 3613 ,
197 3519 257 3597 lus
276 3522 459 3623 jussurum,
488 3542 582 3616 quae
607 3519 749 3596 censeri
773 3533 876 3598 tauta
904 3546 1101 3621 numquam
1130 3520 1260 3618 potest,
1288 3522 1344 3599 vel
1375 3524 1496 3622 potius
1520 3526 1649 3611 debet,
1686 3531 1790 3626 quanti

111 3744 115 3755 ι
199 3641 269 3717 alia
293 3640 344 3718 est
364 3639 606 3742 Spiritnolinn.
657 3638 757 3717 Mille
776 3641 919 3722 circiter
940 3646 1081 3742 florenis
1109 3663 1201 3740 opus
1225 3641 1295 3717 erit
1321 3664 1387 3741 pro
1416 3643 1545 3722 biennio
1573 3649 1612 3726 dr
1640 3669 1706 3748 pro
1730 3640 1790 3744 qai·

198 3786 341 3863 Μ..

291 3996 398 4075 Finio
423 3999 572 4076 tandem
598 3995 820 4096 Epistulam,
848 4023 957 4100 quarn
982 4001 1026 4076 R.
1051 3999 1095 4074 D.
1124 4001 1167 4080 V.
1204 4001 1290 4079 boui
1312 4000 1483 4079 consulat.
1536 4002 1674 4082 Eidem
1702 4003 1740 4080 iu
1759 4017 1798 4074 rc·

198 4119 313 4218 ceptis
340 4119 476 4219 resero,
510 4120 608 4218 quod
633 4117 817 4195 Celbtudo
841 4122 900 4196 sua
928 4119 1075 4205 annuit,
1107 4132 1149 4200 vt
1173 4121 1310 4220 aliquid
1334 4121 1516 4200 Sacrorum
1545 4124 1754 4222 reliquiorum
1769 4137 1802 4194 er

196 4239 257 4315 illo
287 4238 503 4319 Monasterio
535 4240 641 4318 uobis
675 4239 800 4326 detur,
847 4243 945 4338 quod
976 4240 1119 4323 ¹sacrum
1152 4242 1300 4320 Donum
1337 4243 1444 4335 uobis
1477 4243 1547 4320 orit
1579 4245 1803 4340 gratissimum
1836 4304 1838 4306 .

197 4358 298 4436 Deus
320 4355 525 4456 rependat!
559 4380 683 4453 precor
707 4359 750 4433 R.
776 4359 820 4435 D.
848 4361 890 4440 V.
913 4384 1063 4438 omnem
1085 4383 1171 4439 curn
1196 4361 1354 4460 corporis
1387 4373 1468 4441 tum
1494 4357 1615 4442 'animi
1650 4366 1807 4443 Salutem·

197 4479 257 4556 Ex
293 4476 508 4578 Wringortcn
541 4475 717 4557 Kalendis
749 4479 874 4559 Martii
913 4490 1018 4561 thro.
1050 4480 1096 4561 R,
1118 4482 1164 4560 l).
1190 4482 1232 4562 V.
1263 4480 1526 4564 studiosiffimus
1565 4485 1629 4565 Fr.
1664 4486 1808 4587 Georgia:

195 4596 328 4683 Abdus.
383 4597 502 4700 Mppr·
931 4601 933 4604 ’

1672 4724 1810 4825 illecque
