3736 5160
129 252 175 338 aa
480 238 559 356 '.
669 245 1148 367 ,emamus
1287 242 1426 309 -‘·

130 426 259 516 „cium
287 428 365 523 jure
404 422 447 500 lit
484 425 710 522 negandum,
763 424 826 501 vbi
854 424 994 502 nullum
1027 422 1250 524 praecellerit
1279 420 1467 508 meritum,
1504 434 1629 504 tamen
1666 425 1743 524 quia

130 544 360 636 „charitatis
383 544 470 633 Zelo
494 570 560 622 vos
584 544 724 621 feruere
752 543 902 631 scimus,
946 568 1033 621 cum
1061 543 1196 619 fidncia
1218 542 1378 640 pleniore
1410 542 1585 640 postulata
1610 547 1743 623 accedi

128 724 149 758 „
157 692 258 756 mus,
308 664 540 760 omnigenam
575 663 778 743 diletiionis
815 665 950 742 vestrae
992 662 1295 741 Beneuolentiam
1335 661 1548 759 apluribus
1587 664 1743 743 maxime

110 784 472 877 ..‚commendatam,
512 784 714 880 subjetiiuis
737 785 904 882 precibus
935 785 1193 883 implorantes,
1233 794 1411 881 quatenus
1438 783 1484 863 ob
1504 786 1743 862 reuerentiam

126 907 228 996 „Dei
255 909 292 987 dt
322 903 488 992 Ordinis,
513 927 679 979 necnon
710 904 904 981 humilium
934 905 1049 980 totius
1079 903 1187 979 nostri
1216 903 1431 978 Conuentus
1456 927 1604 1003 precum
1638 905 1743 981 inter

123 1036 289 1115 „ventu,
312 1025 390 1102 Vos
411 1047 434 1098 o
456 1025 524 1098 Ra.
545 1020 690 1112 Abbas,
713 1023 888 1122 vestrique
913 1023 1137 1100 Succellores
1151 1024 1247 1121 semol
1266 1030 1300 1097 r'o
1319 1046 1397 1097 noro
1418 1026 1460 1098 ad
1481 1031 1584 1100 odeas
1605 1023 1646 1129 in
1668 1047 1743 1122 pro

123 1145 237 1245 „pria
251 1143 398 1244 persona
421 1144 573 1221 domum
601 1144 756 1220 nostram
784 1145 930 1239 olfitordr‘
951 1151 1056 1240 gratio
1085 1144 1322 1226 accedentes,
1355 1139 1486 1231 nfitetir
1505 1149 1648 1231 amna,
1684 1155 1743 1221 tarr

122 1275 190 1359 ,‚r‘n
206 1267 441 1365 spiritualibus,
466 1288 555 1359 quom
579 1268 815 1359 temporalibus,
849 1265 888 1342 dt
907 1265 933 1339 sr
955 1265 1042 1362 quid
1066 1263 1241 1339 subtilitas
1267 1262 1380 1340 vestra
1401 1261 1539 1340 ibidem
1568 1263 1743 1361 corrigen-

124 1390 245 1479 „dum
266 1382 466 1471 inuenerit,
493 1385 589 1482 quod
610 1383 720 1459 nimis
740 1384 948 1482 perplexum
976 1385 1014 1459 in
1040 1383 1238 1480 judicando
1260 1381 1398 1458 nostras
1426 1382 1519 1460 forte
1554 1385 1654 1461 vires
1686 1400 1743 1459 ex·

121 1509 277 1597 ,‚cedat,
302 1516 409 1602 prout
436 1503 525 1579 lima
549 1504 778 1583 correilionis
811 1504 974 1600 indigere
1000 1503 1192 1588 noueritis,
1222 1526 1385 1577 necnon
1413 1504 1584 1601 expedire
1615 1502 1743 1581 videri·

121 1629 221 1714 „tis‚
245 1623 440 1702 Aouorrtore
469 1627 604 1708 ordinis,
643 1627 686 1711 l?
705 1629 779 1720 jure
805 1626 1030 1712 Paternitotr's,
1064 1624 1161 1723 quod
1196 1622 1300 1699 vobis
1328 1646 1449 1699 coram
1475 1623 1556 1700 Deo
1588 1620 1743 1725 speum

120 1744 380 1849 ,‚prolitemur,
405 1741 602 1818 secundum
625 1741 746 1821 Deum
771 1748 809 1823 dr
837 1744 993 1823 sormam
1016 1743 1184 1822 Ordinis!
1217 1756 1284 1819 tom
1308 1752 1458 1845 incapte
1479 1767 1570 1841 quarn
1594 1754 1630 1823 tn
1652 1768 1743 1821 moa·

118 1872 216 1961 „irat
239 1863 396 1943 linnliter
418 1862 594 1960 corrigere
616 1865 827 1963 dignemini.

122 2169 123 2172 .
215 2101 339 2192 „Sane
363 2101 422 2179 his
445 2102 641 2203 praemillis
656 2103 837 2183 Charitati
858 2105 1008 2192 vestrae,
1034 2130 1127 2204 quae
1146 2101 1291 2200 longius
1312 2103 1547 2202 respergendo
1560 2103 1599 2177 le
1613 2102 1743 2181 dhatra

6 2214 12 2221 ’
116 2223 228 2324 ‚‚uit.
254 2230 351 2321 juper
374 2231 573 2303 tormento
584 2226 707 2322 sospitas
732 2231 818 2302 noltr
840 2221 975 2302 calaorra
997 2230 1104 2303 otniae
1123 2232 1350 2319 regratiamur,
1379 2246 1516 2302 munus
1538 2224 1743 2305 oratiomm

117 2343 367 2433 ,‚nollrarum,
400 2364 485 2419 cum
505 2343 557 2418 nil
582 2343 713 2422 melius
736 2346 868 2423 habere
891 2345 1072 2445 possumus
1096 2345 1201 2420 nobis
1225 2347 1529 2422 transmittentes.
1599 2343 1661 2421 Ex
1686 2342 1743 2442 pit

117 2468 282 2559 „nempe
310 2461 518 2538 deuotionis
547 2463 692 2553 aheim,
745 2490 854 2564 quam
880 2489 965 2562 erga
993 2467 1145 2541 domurn
1172 2464 1326 2542 nollram
1354 2488 1422 2544 vos
1454 2466 1588 2542 habere
1617 2460 1743 2541 didici·

117 2607 252 2673 ‚‚mus,
276 2580 339 2680 qui
361 2580 550 2682 hucusque
575 2587 669 2661 bono
694 2587 806 2662 odore
825 2586 1108 2662 immediocriter
1127 2583 1309 2679 flagrauit,
1335 2584 1611 2661 vicillrtudinem
1633 2596 1743 2683 qnam

118 2704 351 2804 ,‚poliumus,
392 2703 581 2801 quasmuis
603 2703 791 2800 indignam
814 2717 938 2783 mente
958 2704 1135 2783 beneuola
1170 2704 1272 2782 vobis
1297 2704 1558 2803 rependentes,
1595 2704 1743 2803 plenam

92 2820 465 2923 ,participationem
493 2824 698 2902 orationum
734 2828 771 2904 dr
800 2814 964 2902 omniurir
993 2824 1229 2923 spiritualium
1262 2822 1538 2908 beneficiorum,
1576 2848 1673 2922 quae
1697 2824 1743 2903 de

118 2956 268 3051 ,‚‚cetero
297 2941 386 3017 fient
413 2944 510 3040 apud
547 2967 616 3018 nos
654 2944 759 3021 vobis
788 2945 943 3042 benigna
975 2944 1152 3020 charitate
1191 2945 1437 3020 concedimus.
1512 2938 1743 3023 adiicientes

117 3121 141 3158 „
151 3069 197 3143 de
218 3060 407 3140 dilettione
432 3062 590 3159 speciali,
624 3066 722 3162 quod
747 3087 829 3140 curn
857 3064 976 3143 obitus
1005 3063 1266 3162 cujuscumque
1291 3062 1444 3141 velitum
1467 3061 1527 3139 sub
1547 3064 1743 3143 vestrarum

118 3182 350 3273 „testimonio
371 3181 573 3258 Literarum
601 3184 720 3260 nostro
743 3183 944 3267 innotuerit
966 3183 1124 3282 capitulo
1143 3196 1286 3259 tantum
1309 3205 1374 3279 pro
1397 3183 1500 3259 vobis
1521 3183 1605 3271 liet,
1631 3208 1743 3284 quana

121 3318 228 3393 ,tum
261 3326 325 3401 pro
350 3325 420 3376 vna
447 3325 495 3375 ex
529 3302 657 3379 nostris
689 3305 864 3380 sororibus
894 3326 979 3380 cunr
1005 3304 1168 3390 decedit,
1208 3302 1246 3377 in
1278 3303 1406 3387 Millrs,
1442 3302 1606 3398 Vigiliis,
1645 3326 1743 3385 mnu

119 3421 452 3515 ,‚mentationibus,
475 3419 641 3520 jejuniis,
665 3424 889 3500 orationibus
909 3424 948 3501 dt
971 3423 1009 3497 in
1034 3422 1177 3522 psalmis
1198 3422 1276 3499 fieri
1303 3421 1502 3499 consueuit.
1627 3486 1630 3491 .
1731 3462 1743 3481 «

214 3663 297 3751 „Vt
324 3681 410 3755 ergo
433 3658 627 3756 praelibata
654 3659 692 3735 in
723 3674 916 3760 perpetuas
939 3662 1176 3738 aeternitates
1200 3661 1382 3740 firmitatis
1405 3664 1515 3742 robur
1533 3662 1741 3753 obtineant.

121 3784 190 3871 o&
215 3805 262 3855 ne
289 3804 311 3854 a
338 3779 500 3877 partibus
529 3780 601 3858 vlla
631 3790 727 3867 arte,
752 3795 816 3857 aut
842 3782 969 3858 fraude
1004 3782 1183 3861 debilitari
1211 3783 1374 3871 valeant,
1412 3781 1580 3883 praeiens
1613 3782 1743 3865 lutro-

119 3913 314 3991 „mentum
340 3899 538 3977 nostrorum
565 3901 769 3977 munimine
795 3900 985 3998 sigillorum
1012 3898 1181 4002 patenter
1207 3902 1310 3980 vobis
1334 3906 1513 3981 tradimus
1538 3894 1743 3985 communis¹

120 4034 242 4113 ,‚tum.
307 4021 424 4117 Super
449 4020 639 4119 praedidis
669 4022 798 4099 vestras
830 4022 953 4097 literas
986 4036 1153 4120 petentes
1176 4024 1236 4100 sub
1264 4023 1517 4123 chyrographo
1544 4027 1743 4113 vestromnn'

120 4140 303 4231 „firmiter
323 4138 514 4233 figillorum
534 4164 576 4216 ac
598 4140 752 4218 fideliter
775 4143 972 4218 roboratas.
1045 4143 1182 4220 Datum
1207 4146 1245 4222 dt
1278 4147 1397 4223 auum
1431 4147 1527 4247 apud
1554 4162 1743 4244 praeturas

121 4274 234 4350 „tum
258 4260 514 4337 Monallerium
543 4260 823 4339 Altenmunller.
864 4264 976 4339 Anno
1000 4261 1072 4337 Dni
1096 4263 1217 4337 illillmo
1246 4263 1499 4341 Ducenteiimo
1526 4264 1743 4362 sexagelir'no·

115 4383 290 4469 ,‚ottauo.
337 4379 376 4454 In
400 4380 461 4456 die
483 4382 522 4455 S.
547 4381 693 4475 Georgii
717 4379 897 4479 martyris.
947 4382 1145 4459 indictione
1172 4383 1364 4460 undecima
1385 4394 1560 4479 regnante
1581 4386 1743 4467 Domino

122 4496 271 4592 „nostro
295 4499 376 4599 Jelu
396 4499 537 4584 cinito
567 4499 607 4578 in
632 4501 748 4611 poeto
772 4502 987 4584 &interra
1012 4524 1075 4601 per
1098 4502 1316 4582 immortalia
1341 4503 1466 4594 lectrla
1503 4505 1641 4587 Amen.
1738 4534 1743 4551 ¹

1601 4706 1739 4797 Preliti
