3736 5160
117 187 165 263 do
548 196 558 247 ἱ
683 216 688 233 ’
727 180 1148 281 ome

122 356 409 449 „nonasterium
435 401 486 421 -
509 396 559 418 -
584 361 688 439 cauta
705 363 913 443 deuotionis
939 338 1144 443 accederint
1174 404 1233 439 -.
1255 404 1304 421 -
1336 361 1464 460 ungui
1489 325 1645 461 rm'gnras
1666 388 1753 466 qn.

125 479 321 575 „draginta
353 480 506 557 Dierum
533 480 796 577 indulgentias,
834 487 996 561 dumodo
1030 485 1263 561 dioecesanus
1300 485 1346 560 ad
1371 483 1411 560 id
1446 484 1550 561 suum
1581 489 1753 581 praebeat

123 599 344 687 „allenium
378 599 655 696 misericorditer
688 600 724 676 in
756 602 914 681 Domino
938 604 1155 681 relaxamus.
1220 604 1261 678 ln
1287 604 1391 698 cujus
1424 602 1478 679 rei
1504 596 1753 684 testimonium

124 716 351 815 „praesentis
372 718 522 816 paginae
538 719 706 818 scriptum
722 720 920 800 nostrorum
940 723 1130 820 sigillorum
1151 723 1334 799 firmitatis
1354 720 1558 801 munimine
1578 723 1753 801 duximus

22 941 27 950 ἡ
130 837 412 924 ...roborandum
488 838 624 916 Datum
650 840 792 956 Romae
813 865 910 918 anno
933 846 978 921 ab
1008 843 1185 919 incarnat.
1215 840 1367 920 Domini
1384 842 1449 918 Ma
1459 839 1535 919 CC
1556 840 1751 921 LXXXIX.

131 952 370 1033 pontificatus
396 956 470 1034 Dni
497 958 641 1036 Nicolai
666 981 724 1058 pp.
749 970 853 1060 quarn
877 986 956 1040 nnn
981 971 1094 1062 primo.

219 1192 293 1277 Qui
311 1216 373 1271 me
396 1196 489 1276 haee
515 1196 589 1274 fine
610 1197 713 1277 omni
740 1197 898 1278 vtilitate
919 1197 1181 1299 transscripsrlse
1204 1206 1355 1300 putant,
1397 1195 1441 1274 hi
1471 1195 1556 1275 sane
1576 1197 1749 1298 Antiqui·

127 1310 215 1387 tatis
246 1311 362 1390 studio
396 1319 564 1409 nondum
590 1317 725 1397 dedisse
751 1340 900 1419 operam
929 1322 1204 1401 conuincuntur.
1279 1316 1399 1400 Sed
1383 1340 1462 1429 ram
1486 1319 1535 1396 ad
1567 1316 1749 1439 Herman-

127 1453 218 1510 num
242 1434 447 1515 redeamus.

224 1709 257 1780 3.
285 1680 380 1758 Arno
406 1680 537 1755 Domini
566 1696 671 1776 1270.
708 1679 846 1753 dedicato
867 1678 910 1772 esi
943 1683 1061 1780 Capella
1082 1687 1116 1758 in
1138 1681 1344 1764 Olenium,
1384 1671 1547 1754 tn'bnnrt
1570 1676 1749 1751 Saeuam

127 1805 270 1885 Marion
299 1803 344 1891 ὁ*
370 1801 530 1887 oswaldi,
556 1799 644 1874 liidis
666 1799 711 1887 δ’
736 1800 891 1874 Benediili
911 1801 972 1898 sub
1004 1801 1173 1877 Venerabili
1202 1802 1275 1874 Dm
1295 1803 1442 1895 Agmone
1465 1795 1659 1892 (Egnone)
1690 1802 1748 1870 tn·-

124 1929 246 2003 demine
270 1923 340 2020 Epo
362 1929 545 2018 procurante
571 1920 621 2005 (d-
641 1929 747 2013 agene
772 1918 908 1993 Dnnino
936 1923 1101 1996 warnos
1125 1919 1306 1995 Hermanno
1330 1920 1368 1992 de
1397 1915 1596 2012 thegcrten
1624 1924 1659 1993 in
1680 1917 1748 1992 oo.

126 2040 315 2143 upplan,
362 2064 409 2117 ex
441 2039 521 2116 MS.
555 2034 715 2114 Coaeuo.
790 2037 850 2115 Ab
881 2040 1014 2117 eodem
1044 2040 1219 2136 Egenone
1260 2059 1329 2135 epo
1365 2032 1565 2112 tridentino
1598 2032 1748 2134 Capella

124 2166 164 2245 S.
187 2160 335 2258 Georgii
357 2159 396 2236 in
424 2158 552 2236 Lenon
576 2156 792 2235 monasterio
812 2155 931 2233 nostro
954 2159 1204 2256 incorporatur
1229 2179 1327 2234 anno
1353 2180 1458 2255 ¹272·
1504 2155 1621 2231 Anno
1647 2168 1748 2241 1282.

127 2288 175 2362 ad
202 2280 409 2360 instantiam
439 2272 621 2352 Meinsnrdi
655 2280 781 2352 Comitis
807 2272 923 2370 ryrnn
952 2279 1101 2377 Capella
1130 2279 1177 2354 S.
1208 2275 1355 2372 Georgii
1389 2274 1571 2350 corrsortur
1603 2274 1747 2355 ndum

126 2406 189 2482 suo
215 2401 385 2486 Nomio,
410 2396 457 2472 sic
480 2410 624 2480 tamen,
657 2405 698 2472 vt
718 2395 809 2469 haec
832 2395 977 2473 collatio
1004 2422 1079 2474 non
1109 2398 1343 2498 praejudicet.
1405 2395 1464 2471 Ex
1493 2391 1577 2491 ipsis
1599 2394 1745 2473 Litteris

87 2594 92 2601 .
126 2523 308 2620 Excerpta
338 2521 543 2602 damus,
548 2515 638 2603 ‚Nos
663 2507 870 2589 Meininrdro
892 2515 1023 2611 tyrolis
1047 2519 1086 2595 &
1111 2516 1279 2596 Gorieiae
1303 2515 1459 2603 Comes,
1497 2513 1741 2613 Aquiiegiens.

127 2645 319 2738 „Tridenn
351 2639 391 2717 dr
418 2633 612 2714 Brixienfis
640 2633 855 2709 Aduocatus
886 2674 937 2693 ·-
969 2678 1018 2692 —
1050 2636 1279 2735 profitemur,
1311 2604 1422 2770 quod
1450 2655 1537 2709 cum
1564 2634 1746 2713 Dominus

109 2766 395 2858 .,‚llermannus
424 2753 642 2836 venerabilis
670 2752 795 2828 Abbas
823 2753 862 2828 dr
885 2755 1101 2831 Conuentus
1135 2718 1339 2832 Monalierli
1376 2754 1424 2829 de
1453 2753 1674 2849 Wingarten
1700 2750 1746 2831 ad

124 2883 313 2977 „nostram
346 2875 554 2952 instantiam
587 2870 751 2951 inclinati
784 2872 942 2950 Rudolso
977 2876 1024 2951 de
1054 2874 1195 2959 ilmina
1216 2873 1372 2952 Notario
1402 2871 1521 2948 nostro
1548 2887 1746 2971 prouentus

127 3001 329 3101 „Capellae
350 2996 400 3073 S.
426 2992 573 3088 Georgii
600 2991 686 3066 sitae
718 2989 809 3068 vltra
839 2991 960 3068 villam
987 2992 1222 3071 Leunnam
1211 3014 1250 3067 in
1281 3005 1408 3069 monte
1439 2992 1547 3067 titulo
1575 2984 1746 3107 praeben·

126 3122 234 3218 „dali
257 3115 476 3196 contulerint
513 3153 562 3170 -
587 3153 637 3168 -
661 3153 710 3167 -
737 3110 814 3185 Nos
837 3111 892 3185 eis
915 3109 1050 3189 Abbati
1079 3115 1117 3191 de
1138 3111 1348 3187 Conuentui
1376 3111 1607 3208 stipulatione
1638 3084 1746 3191 iuief·

128 3240 270 3342 „posta
292 3233 539 3335 promittimus
563 3229 661 3306 bis
650 3252 688 3305 ιιι
716 3228 872 3324 seriptis,
910 3232 1009 3328 quod
1030 3231 1077 3307 de
1098 3243 1244 3306 caetero
1268 3231 1314 3306 ad
1344 3231 1603 3309 conserendam
1637 3232 1745 3333 ipsam

129 3358 393 3459 „Capellamr
370 3354 393 3429 s
396 3376 443 3429 ue
464 3361 662 3450 prouentus
690 3347 771 3443 ejus
792 3347 899 3423 alicui
923 3330 1098 3445 personae
1119 3350 1215 3448 ipsos
1241 3350 1407 3449 precibus
1431 3351 1560 3429 nolitis
1587 3354 1650 3427 seu
1678 3352 1746 3431 'alio

103 3498 376 3581 ·1‚,quocunqne
396 3484 500 3549 motu
521 3469 706 3546 sollicitare
734 3462 809 3541 non
837 3468 1032 3556 debemus,
1059 3470 1115 3547 vel
1139 3492 1305 3558 mouere,
1337 3471 1398 3546 sed
1419 3473 1467 3547 de
1495 3471 1569 3570 ipsa
1600 3472 1746 3570 Capella

125 3608 196 3694 „dr
226 3599 296 3674 suis
324 3590 558 3693 prouentibus
586 3587 789 3684 relinquere
818 3587 1024 3663 tenebimur
1047 3588 1200 3664 liberam
1222 3588 1434 3667 facultatem
1458 3590 1538 3689 ipss
1519 3580 1745 3693 squidquid

125 3723 217 3814 „suo
237 3711 454 3794 Monalierio
477 3706 655 3786 videbitur
688 3702 876 3802 expedire,
903 3706 1105 3783 ordinandi
1162 3707 1201 3782 ln
1228 3707 1332 3803 cujus
1357 3709 1409 3784 rei
1433 3709 1746 3793 testimonium&

127 3835 374 3935 „memoriam
401 3829 612 3904 euidentem
647 3827 850 3921 praesentes
885 3827 941 3900 eia
963 3827 1133 3903 dedimus
1156 3825 1263 3903 nostri
1284 3826 1309 3901 s
1310 3825 1385 3922 grllr
1412 3829 1619 3908 munimine
1642 3834 1747 3911 robo-

7 4038 12 4047 ,
128 3975 264 4056 „.ratas
315 3957 452 4028 Datum
475 3949 511 4022 in
539 3946 575 4021 ln
581 3942 682 4041 spruk
703 3944 815 4019 Anno
842 3942 915 4017 Dni
942 3944 993 4021 Μ.
1008 3943 1084 4023 CC.
1099 3945 1272 4026 1.lele
1299 3945 1361 4023 die
1382 3944 1597 4041 Dominioo,
1633 3951 1748 4032 tertio

11 4124 17 4133 ·
122 4079 299 4174 „decimo
323 4073 481 4149 intrante
508 4062 717 4153 Decembri,
742 4055 869 4142 inditi.
895 4064 956 4143 Xl.

219 4318 294 4395 Sub
318 4313 449 4390 eodem
474 4306 686 4382 Hermanno
709 4302 852 4382 Abbate
873 4301 1030 4381 Ecclefia
1058 4304 1288 4401 parochialis
1300 4306 1339 4384 in
1362 4219 1618 4406 Rauensburg,
1657 4309 1749 4423 olim

125 4439 200 4516 filia
224 4430 425 4514 Altorssens
416 4454 447 4504 s
473 4428 632 4524 separata
658 4423 731 4511 eli,
779 4437 819 4500 vt
839 4436 939 4524 patet
964 4447 1013 4498 ex
1036 4423 1113 4498 lilS.
1140 4424 1249 4500 Libro
1277 4427 1392 4503 veteri
1419 4428 1457 4503 in
1485 4428 1578 4506 haec
1615 4433 1747 4510 verba.

126 4556 221 4641 Arno
246 4576 347 4647 1299.
373 4554 529 4626 Dominus
555 4547 665 4623 Enna
687 4545 869 4679 Decerne
855 4570 890 4657 ιιι
916 4540 1055 4640 AlWff·
1079 4546 1123 4631 ις’
1135 4543 1273 4641 siginus
1299 4554 1458 4623 moretm
1476 4559 1600 4649 prunas
1620 4558 1655 4626 in
1675 4553 1747 4629 Re·

1407 4699 1416 4713 ·
1577 4664 1746 4770 orpspnrcsr
