3736 5160
771 198 1153 288 romeos.
1483 234 1487 238 ·
1552 193 1554 196 ’
1674 160 1759 295 ιιι

134 373 268 463 „desim
295 370 334 447 P.
361 371 482 449 Carula
508 369 667 447 Domino
696 368 835 475 ρῗιιιιιιιιι
859 372 1009 450 Martini
1041 370 1261 461 Senatorio,
1290 369 1458 449 ΜιιΙιαιΙι
1427 371 1599 474 IRroff
1622 374 1761 475 Compo-
1839 452 1842 459 ,

134 497 250 594 „nisio
272 505 331 567 eta
360 491 499 587 sumpto
523 489 706 585 jentaculo
732 491 877 588 profesti
910 492 1024 569 sunt
1013 514 1051 567 m
1076 493 1339 591 maganum,
1377 493 1499 569 inde'
1488 514 1525 569 m
1551 493 1759 607 Rufrium,

134 668 157 703 „
170 612 283 688 altero
309 611 368 687 die
396 609 502 687 aas.
535 611 619 686 Γ
569 637 589 685 a
614 639 670 685 ιιιιι
693 612 740 686 ad
768 610 927 686 Trunssat
877 612 1029 687 sartionem
1044 611 1098 690 Sr.
1122 607 1293 699 Otimarr',
1322 610 1435 699 Galli,
1468 611 1510 689 is
1535 613 1580 688 Β.
1595 599 1757 703 Nolierr',

132 732 287 821 „deam
319 735 428 827 ᾳιιιιιιο
456 728 721 806 instituendam.
786 731 1076 827 Comparuerunt
1112 745 1254 830 praeter
1292 731 1456 809 Abbates
1496 733 1567 807 Hel
1552 735 1668 808 suetiae
1688 747 1760 811 et.

85 890 89 894 -
133 909 155 942 „
168 851 321 929 Ciriacm
342 849 483 927 Raecius
510 847 810 948 Archiepiscopus
839 849 1079 939 Patracensrs,
1105 851 1144 930 δι
1159 849 1490 932 Reuereudiffimus
1516 876 1559 928 ac
1582 851 1759 983 illustriffi·
1830 826 1839 849 ⁸

131 995 247 1060 „mus
273 969 446 1066 Princeps
467 969 593 1048 Abbas
616 969 958 1072 Cornpr'rsouenstrrsc.

228 1207 314 1284 Huc
338 1209 541 1285 etiamnum
566 1207 796 1288 referendum
821 1209 890 1294 est,
915 1164 1051 1309 quod
1035 1232 1110 1307 Jam
1135 1210 1276 1308 pridem
1308 1209 1347 1286 in
1378 1209 1441 1286 sno
1465 1209 1665 1290 Benediiio
1700 1234 1757 1289 re·
1850 1282 1853 1287 ,

131 1326 259 1404 diuino
285 1327 418 1402 adtulit
442 1327 486 1403 R.
510 1330 550 1404 P.
575 1329 797 1406 Bucelinus:
832 1328 941 1404 Zelus
975 1329 1216 1427 promouendi
1246 1329 1365 1406 cultus
1395 1327 1527 1416 diuini.
1561 1332 1600 1409 δι
1630 1329 1756 1428 templi
1841 1356 1846 1361 ·

130 1447 331 1533 exornandi
358 1449 464 1522 ardor
488 1448 620 1546 quibus
639 1449 825 1545 praeditus
848 1447 918 1525 fuit
942 1445 1003 1526 hic
1024 1450 1160 1529 'Abbas-
1218 1442 1270 1528 Vt
1290 1447 1450 1547 primum
1481 1436 1582 1526 enim
1614 1448 1652 1524 in
1678 1449 1755 1527 lan·

126 1565 298 1649 ¹‹latislrmi
320 1565 418 1649 illius
446 1567 620 1668 Genucnfir
643 1567 771 1666 apellis
796 1567 835 1646 δι
860 1567 1060 1647 Architetli
1084 1565 1184 1673 {iulii
1208 1564 1368 1669 Beasouis
1393 1566 1562 1645 notitiam
1586 1570 1752 1659 deuenit,

127 1706 218 1763 mou
243 1685 305 1780 ipfi
331 1708 394 1781 per
415 1686 555 1762 litteras
580 1698 744 1764 mentem
767 1687 907 1787 aperuit
930 1686 1049 1773 snam,
1084 1671 1250 1788 tantique
1271 1687 1340 1766 viri
1362 1686 1446 1764 usus
1469 1686 1625 1788 Cponsrlio
1651 1703 1754 1766 totam

131 1802 286 1882 Coenobri
312 1804 494 1904 Bufiir'com
520 1804 708 1904 fornicibus
739 1805 781 1884 ii
812 1832 912 1906 cupro
945 1832 1169 1884 concamerari
1201 1806 1395 1886 constituit.
1433 1805 1435 1809 ⁷
1469 1804 1620 1885 Tabulas
1647 1808 1754 1886 Alsa·

127 1929 215 2003 rium
251 1941 359 1999 omnes
391 1924 571 2019 ejusmodi
603 1925 772 2005 Benzonis
812 1925 1087 2004 artificiosrffima
1119 1950 1232 2004 manu
1271 1926 1383 2024 pistas
1419 1950 1496 2007 non
1525 1927 1591 2003 nifi
1619 1950 1752 2039 magno

124 2044 244 2145 pretio
274 2045 509 2142 comparauit
570 2044 645 2123 Sed
678 2048 715 2124 δι
748 2043 821 2121 alia
853 2045 981 2144 templi
1012 2058 1245 2138 ornamenta,
1287 2046 1533 2207 peristromata
1564 2046 1752 2148 sacrasque
1824 2040 1832 2051 ’

124 2158 242 2247 velles
269 2164 488 2263 Comparare
504 2163 650 2244 studuit.
699 2164 755 2243 lta
776 2163 846 2243 ille.

122 2466 126 2473 .
204 2405 344 2508 'Hujus
370 2403 531 2504 Bensonis
554 2330 852 2484 anillciosllimae
877 2405 1036 2483 Tabulae
1060 2404 1247 2484 Altaribus
1272 2429 1416 2508 quoqne
1437 2406 1604 2485 moderni
1624 2403 1751 2504 templi

124 2536 272 2624 aptatae
295 2527 400 2601 sunt:
434 2523 526 2598 aliae
550 2525 690 2624 utrique
713 2525 817 2602 lateri
842 2526 881 2602 in
904 2525 1142 2624 superioribus
1176 2527 1373 2623 parietibus
1405 2528 1579 2626 appensae
1611 2529 1749 2603 nedum
1760 2512 1785 2553 ’⁸

124 2646 275 2749 riignnm
301 2657 404 2721 tanta
429 2644 616 2741 Maiestate
640 2646 849 2742 spendorem
874 2646 1068 2740 adjiciunt,
1102 2644 1161 2722 sed
1187 2649 1223 2728 ἀ
1246 2649 1411 2726 omnium
1436 2647 1562 2725 oculos
1584 2645 1749 2745 perstrin-

122 2777 241 2863 gunt:
267 2746 432 2863 inprimis
458 2787 542 2842 vero
564 2763 652 2841 artis
675 2767 810 2862 peritos
833 2766 872 2839 iu
893 2764 1171 2841 admirationem
1196 2765 1352 2863 rapiunt.

219 3005 406 3089 Quantum
430 3024 535 3099 porro
556 2997 711 3076 studium
734 2999 933 3078 litterarum
957 3001 1196 3104 promouent,
1222 3003 1359 3080 nedum
1385 3002 1479 3080 effusi
1505 3001 1555 3079 illi
1572 3002 1745 3101 sumptus,

122 3148 215 3224 quos
239 3125 278 3199 in
301 3123 469 3224 juniores
494 3121 544 3212 sui
571 3116 777 3197 Monalierii
802 3121 975 3199 Profeffos
1001 3124 1195 3222 impendit,
1226 3124 1352 3223 quales
1383 3125 1555 3201 contiuua
1586 3121 1672 3203 serie
1705 3121 1746 3199 in
1848 3124 1852 3134 '

120 3244 334 3321 Academiis
364 3243 499 3318 exteris
523 3242 748 3326 sustentauit,
782 3243 1046 3329 demonstrant,
1073 3242 1132 3319 sed
1156 3243 1193 3320 &
1217 3266 1330 3342 quum
1356 3243 1511 3320 hostium
1529 3243 1658 3321 suerori
1686 3266 1745 3319 ce·

119 3367 257 3442 denum
281 3364 367 3448 fuit,
396 3360 630 3440 Veldiirciii
619 3383 657 3437 m
679 3362 789 3439 exilio
806 3361 1019 3443 constitutus
1043 3385 1127 3439 cum
1144 3363 1230 3447 suls,
1250 3387 1297 3439 ex
1320 3364 1374 3439 eis
1398 3363 1551 3459 delegit,
1577 3365 1640 3462 qui
1660 3337 1745 3439 Phi·

118 3484 317 3582 losophiam
360 3485 397 3560 ἃ
437 3480 672 3578 Theologiam
705 3482 979 3580 profiterentur.
1024 3505 1073 3558 ne
1104 3481 1143 3556 in
1173 3495 1277 3559 tanta
1315 3483 1506 3561 insultate
1539 3497 1745 3582 temporum

116 3603 296 3690 deessent,
320 3602 381 3701 qui
404 3600 545 3678 Patriae
570 3601 811 3685 &Proximis
836 3599 983 3677 utilitati
1008 3625 1050 3678 ac
1075 3602 1210 3678 auxilio
1234 3602 1301 3678 elle
1324 3604 1476 3701 pollent,
1507 3606 1555 3680 ad
1578 3629 1624 3679 eo
1648 3605 1745 3700 apud

117 3746 208 3801 eum
232 3748 305 3799 non
334 3723 448 3802 voluit
472 3723 561 3797 illud
585 3722 770 3816 vulgatum
802 3743 844 3794 ac
877 3723 1038 3797 sermone
1066 3722 1193 3798 tritum
1226 3723 1478 3820 prouerbium:
1515 3723 1614 3798 luter
1645 3743 1745 3798 arma

116 3840 224 3920 filent
248 3844 380 3920 Musae.
433 3842 586 3919 Consule
616 3842 778 3945 Dianium
809 3840 870 3914 cit.
896 3865 943 3915 ex
968 3865 1041 3939 quo
1065 3840 1157 3916 haec
1178 3845 1356 3918 duntaxat
1375 3841 1610 3919 exscribenda
1630 3841 1742 3917 duxi:

117 3988 180 4063 27.
196 3964 333 4061 Aprilis
350 3986 433 4039 cum
450 3961 654 4060 aduertislet
669 3961 995 4038 Reuerendillrmus
1013 3960 1192 4037 Dominus
1207 3963 1333 4038 Abbas
1349 3961 1483 4047 noster,
1507 3963 1543 4036 in
1565 3959 1743 4036 Veldsirclr

115 4085 173 4162 sat
186 4082 326 4159 multos·
336 4083 405 4158 elle
419 4082 585 4158 homines
596 4088 744 4181 junones,
761 4080 823 4177 qui
840 4080 1003 4180 Dilingoe
1018 4081 1131 4159 coniti
1147 4081 1292 4158 fuerunt
1307 4081 1366 4156 sua
1380 4079 1494 4156 studia
1511 4091 1656 4177 propter
1670 4078 1742 4157 bel·
1781 4157 1786 4166 ,

113 4203 209 4281 licos
224 4202 416 4279 tumultus·
429 4203 656 4300 abrumpere,
686 4200 955 4277 consulendum
974 4201 1029 4275 eis
1045 4212 1147 4275 ratus
1154 4199 1288 4300 sciolas
1305 4203 1458 4302 instituit,
1487 4197 1743 4296 Theologicam

77 4388 82 4395 .
115 4327 157 4404 δι
183 4323 478 4420 Philosophicam.
529 4320 567 4395 ln
592 4319 788 4414 Theologia
813 4319 1063 4419 incipi-voluit
1086 4319 1157 4395 al.
1181 4319 1351 4397 ParteS.
1379 4317 1521 4425 Thomna
1542 4320 1696 4418 Aquinas
1681 4324 1742 4415 t,ir

112 4444 156 4524 δι
172 4443 259 4519 huie
282 4443 374 4541 parti
399 4440 632 4518 Professorem
654 4437 836 4516 constituit
864 4439 907 4539 R
924 4439 963 4514 P
987 4439 1197 4516 Dominicrm
1215 4438 1392 4538 hymnus
1413 4416 1562 4516 Priorem
1587 4439 1708 4519 Vesdk'
1675 4442 1743 4518 k·rr

111 4563 270 4662 cieusem.
317 4562 477 4643 Primam
496 4559 656 4661 secundae
679 4585 728 4638 ex
750 4558 888 4660 planari
911 4558 1073 4638 voluita
1103 4561 1143 4637 P.
1166 4559 1352 4664 Augustino
1381 4559 1557 4639 Breadsiu.
1601 4561 1758 4640 Lestio»
1815 4623 1820 4630 .

943 4678 1096 4762 Oooa
1633 4679 1742 4761 nibtrs
