3736 5160
672 124 1103 242 emme
1289 216 1291 220 ,
1439 167 1442 172 ·
1621 145 1696 225 aar

126 327 128 331 ¹
165 303 298 381 Annus
318 300 391 378 iste.
416 301 466 381 Μ.
487 298 565 375 DC.
579 284 692 377 XXX.
717 299 849 377 merito
868 301 964 376 inter
987 300 1146 397 optimos
1169 301 1208 380 dr
1223 301 1439 384 rericiffimor
1459 324 1482 380 a
1504 301 1586 382 Deo
1611 303 1694 402 Opt.

68 423 169 503 Max.
194 423 298 499 nobis
324 421 504 498 concessbs
530 431 752 498 numeratur.
815 418 904 529 Euit
936 419 1036 497 enim
1066 417 1237 521 monenti
1265 425 1304 502 δι
1326 425 1419 509 vini,
1443 426 1695 521 fruituumque

67 546 189 621 omnis
214 543 356 639 generis
389 542 494 637 copia
522 540 731 626 dimisimus,
764 540 852 615 dum
884 537 1102 636 superiorum
1135 543 1288 619 duorum
1318 566 1496 622 annornm
1527 530 1693 621 oninium

65 686 189 740 rerum
225 661 383 736 charitas
416 661 502 745 noc,
542 658 637 759 quast
670 647 881 745 momento,
917 657 1051 737 sublata
1078 657 1154 736 est:
1203 660 1243 738 dr
1280 685 1374 760 quae
1406 662 1543 740 summo
1577 663 1694 764 pretio

43 784 225 859 ¹emenda
249 792 372 866 erant,
395 778 470 875 jam
497 778 560 858 viii
585 778 735 856 omnino
763 779 962 876 comparari
987 790 1193 876 potuerunt.
1244 781 1400 860 Vnicum
1428 781 1537 877 hujus
1562 783 1694 860 reiut·

48 916 283 1003 ‘gairnentum
313 897 375 975 stt:
426 898 590 976 Mensura
627 897 703 975 viui
727 897 836 997 paulo
857 897 1017 975 melioria
1043 898 1280 997 superioribus
1310 901 1417 976 annis
1453 927 1511 977 20.
1545 927 1602 1000 24.
1634 914 1691 987 28·
1817 924 1832 937 ·

26 1076 29 1081 -
65 1017 260 1114 crucigerir
285 1018 324 1093 in
357 1017 415 1094 his
440 1018 567 1094 nostris
584 1018 746 1121 partibus
768 1016 930 1095 distratta
951 1015 1012 1093 est.
1063 1017 1147 1094 Hoc
1177 1042 1262 1098 vero
1290 1041 1388 1094 anno
1418 1019 1575 1117 pretium
1599 1021 1692 1096 adeo

65 1137 220 1226 remisit,
253 1149 292 1215 vt
314 1137 441 1235 optimi
469 1137 545 1215 vini
576 1138 741 1215 mensura
757 1160 802 1250 j.
824 1161 858 1234 4
882 1158 918 1231 3.
941 1159 972 1211 2.
999 1135 1192 1235 crucigeris
1213 1136 1253 1215 in
1271 1137 1414 1217 multis
1435 1138 1543 1228 locis,
1589 1162 1692 1240 prae

64 1258 188 1339 sertim
215 1259 263 1334 ad
291 1257 410 1335 locum
441 1258 673 1352 bodamieum
703 1257 821 1335 meni
846 1242 1018 1357 potuerit.

162 1497 299 1576 Verum
326 1505 366 1574 vt
392 1492 556 1571 mortalis
581 1491 673 1571 haec
700 1479 778 1572 'vita
801 1491 1038 1572 infelicitate
1074 1504 1248 1595 perpetua
1277 1490 1423 1591 traniigi
1455 1495 1607 1597 nequit,
1639 1497 1693 1577 ita

63 1616 192 1697 habuit
211 1617 323 1694 etiam
346 1615 406 1691 hic
431 1614 652 1691 annae-suar
674 1604 962 1691 calamitates&
988 1611 1161 1693 miseriar-
1217 1613 1372 1716 Aliquot
1391 1616 1431 1693 in
1458 1614 1550 1693 locis
1574 1616 1691 1695 horri-

63 1736 156 1815 tile·
178 1737 375 1832 grandinea
393 1733 519 1810 vinum
541 1733 580 1811 dt
606 1734 832 1809 frumentum
852 1731 979 1811 misere
1001 1733 1276 1832 depopularunt.
1323 1733 1437 1839 Pestis
1459 1733 1602 1836 insuper
1624 1737 1690 1813 ali·
1828 1780 1833 1793 ·

63 1868 154 1957 aaut
175 1857 257 1933 loca
295 1851 475 1931 inferioris
503 1850 661 1931 Suetriae
693 1849 882 1949 corripuit,
915 1854 954 1930 dr
978 1852 1184 1948 praesertim
1199 1852 1367 1936 ‘Biberaci
1387 1852 1427 1932 δι
1452 1853 1573 1933 Vlmoe
1596 1856 1690 1936 mul.

62 1990 124 2056 tor
159 1975 332 2054 mortales
359 1972 528 2051 extinxit.
602 1971 790 2048 Mediolani
822 1970 1039 2071 conspirauit
1064 1971 1161 2050 inter
1191 1972 1227 2048 se
1254 1970 1466 2072 nequiiiima
1495 1973 1690 2057 hominnm

58 2095 257 2182 oollnuiea,
293 2092 356 2193 qui
390 2091 556 2170 inaudita
584 2089 750 2189 nequitia
778 2089 913 2180 vestes,
950 2090 1069 2179 furer,
1104 2091 1265 2180 smmna.
1304 2080 1554 2192 suppellettiiia
1589 2076 1690 2172 varia

47 2224 204 2298 ¹veneno
227 2213 372 2314 peffirno
397 2210 592 2316 inficiendo
616 2210 732 2289 multa
761 2208 955 2287 hominum
987 2210 1101 2287 millia
1127 2211 1257 2289 misere
1286 2213 1532 2290 mdnxemnt.
1595 2211 1687 2311 Ejus

60 2338 195 2418 veneni
217 2345 322 2411 tanta
348 2329 406 2410 vis
436 2328 524 2418 fnit,
560 2340 601 2407 vt
628 2332 691 2429 qui
725 2329 813 2420 iliud
842 2329 1012 2426 tetigerat
1040 2329 1141 2407 nullo
1168 2333 1331 2410 remedio
1363 2331 1484 2430 juuari
1518 2333 1687 2430 potuerit.

59 2455 246 2556 Quidquid
276 2476 420 2533 veneno
450 2453 522 2531 hoc
551 2451 760 2528 contadum
788 2448 878 2536 fuit,
910 2449 1070 2527 dammis
1100 2450 1293 2548 expurgari
1316 2452 1452 2530 debuit.
1517 2454 1616 2529 Hinc
1637 2475 1686 2529 err
1846 2528 1848 2533 ,

58 2576 212 2678 templis
225 2572 385 2655 iirbsellia
406 2571 620 2659 omnia..ex
639 2569 820 2664 Dominus
840 2567 1076 2659 lestiste'rnia,
1098 2566 1263 2661 scamna,
1286 2575 1450 2660 mensae,
1475 2571 1588 2656 vertes
1612 2582 1684 2648 etc.

56 2699 184 2779 exusta
203 2695 361 2774 fuerunt.
1642 2747 1646 2753 .

154 2938 269 3019 Anno
293 2939 401 3031 1⁶31.
423 2954 479 3009 12.
503 2927 582 3029 Ian.
606 2925 760 3013 Hincin
782 2926 1056 3007 Ochienhauieu
1079 2927 1169 3006 abiit
1192 2925 1237 3008 R.
1262 2924 1301 3006 Ρ.
1323 2927 1526 3034 Augustinus
1550 2928 1686 3010 Breod·
1825 3004 1842 3037 ,Ι

51 3061 110 3181 piu
140 3083 227 3137 mun
257 3051 564 3133 Reuerendidimo
594 3049 640 3126 D.
670 3050 813 3128 Abbate
845 3042 1123 3127 Ochknhusano
1166 3050 1213 3153 ad
1257 3049 1418 3128 Comitia
1456 3051 1685 3131 benediaina

56 3180 226 3259 omniurn
246 3171 579 3270 Congre'gationum
606 3171 771 3268 ejusdem
795 3168 934 3246 ordinis
958 3192 1022 3268 per
1045 3169 1279 3248 Germaniam
1312 3171 1521 3248 destinatum
1587 3168 1684 3248 inui-

56 3298 295 3378 mtifoemnt
318 3292 544 3372 antenore
570 3290 702 3367 horum
734 3288 976 3366 Comitiorum
1003 3289 1310 3367 Reuerendiffirno
1340 3291 1506 3390 Principe
1539 3312 1581 3367 ac
1609 3291 1683 3367 Do·

56 3402 161 3499 mino
187 3416 385 3495 Bernaarao
405 3439 428 3489 a
452 3409 677 3509 Schweiusurt
704 3409 859 3509 Fauiam
878 3405 1014 3487 Aaron
1039 3435 1085 3483 ex
1115 3407 1307 3501 Heluetico,
1337 3406 1499 3500 Suettium,
1527 3410 1683 3512 Austrio·

55 3567 116 3628 eo,
145 3537 320 3637 Alfenam
343 3530 587 3631 Barsseideofi,
612 3526 783 3607 Santonico
807 3527 1095 3624 congregatione
1116 3526 1293 3624 qualibet,
1316 3541 1381 3607 aut
1402 3529 1476 3607 duo
1505 3527 1681 3616 Abbater,

56 3672 123 3737 ant
140 3661 190 3736 ad
209 3646 403 3734 minimum
416 3672 510 3730 unare
522 3649 650 3727 Anbar
662 3670 750 3727 cum
768 3648 934 3742 adjuntto
950 3647 1013 3723 nbi
1028 3646 1225 3742 Religioso,
1252 3649 1461 3727 mandaturi
1477 3649 1523 3724 de
1535 3641 1682 3725 'votuer-

54 3780 119 3859 faii
148 3780 281 3855 anione
304 3771 533 3852 Benedifflni
554 3770 693 3855 ordinis
716 3793 779 3868 per
802 3767 1038 3843 Germaniam
1060 3764 1236 3843 facienda.
1287 3766 1471 3845 Heluetici
1494 3767 1533 3846 dc
1552 3769 1681 3864 Augu·

54 3900 146 3981 tani
172 3897 337 3974 Abbater
366 3917 441 3969 non
471 3902 759 3988 pompanterunt
823 3885 1121 3964 Reuerendiffimi
1154 3887 1202 3963 D.
1221 3885 1417 3987 Franciscns
1447 3885 1680 3989 Weingorten·

10 4026 24 4035 ’
38 4026 115 4131 jis,
140 4020 186 4095 D.
209 4014 397 4115 Baitiaofirr
421 4010 675 4110 Zwisalteosts‚
712 4031 884 4084 necnon
917 4006 961 4082 D.
1001 4006 1169 4108 Caspoms
1201 4003 1469 4109 Alberspacrafrr
1500 4009 1678 4095 Abbater,

50 4136 157 4223 A'din
180 4138 225 4215 R.
255 4136 298 4213 Ρ.
327 4134 428 4212 Prior
452 4127 710 4216 Zwisaltensra,
747 4126 965 4205 P.-Caroior
990 4125 1090 4203 Korz
1123 4123 1425 4224 weingartensis,¹
1461 4129 1500 4207 dr
1528 4125 1573 4204 D.
1597 4124 1679 4205 Pu·

52 4264 166 4362 rippas
214 4255 370 4336 Gratus
411 4253 510 4330 LV.
534 4250 580 4326 D.
610 4246 858 4325 Canceliarius
899 4241 1099 4341 Weingart.
1138 4242 1284 4340 profesti
1317 4245 1398 4323 sunt
1438 4244 1680 4349 capuana,

51 4376 239 4460 nannoni
262 4399 348 4453 cum
366 4369 633 4472 Episcopalibus
654 4369 701 4445 de
722 4363 933 4448 Visrtatione
955 4362 1250 4443 monasteriomm
1278 4364 1427 4443 Ordinis
1453 4369 1492 4446 da
1517 4365 1680 4463 Congre-

49 4497 213 4603 gationir
234 4495 385 4574 nostrae.
434 4487 603 4578 Quaestio
627 4485 721 4567 ruit:
759 4511 806 4564 an
832 4484 1027 4586 Episcopus
1051 4483 1190 4569 virtue
1213 4486 1362 4603 debeat,
1386 4484 1413 4566 fi
1435 4485 1596 4569 rifitator
1619 4509 1678 4563 or·

61 4614 70 4623 ’
802 4599 936 4687 ulta
1580 4604 1680 4686 dina
