3736 5160
144 151 198 295 4²¹
254 229 257 239 ·
747 186 1168 294 roomo*

243 372 360 454 sexto
383 373 578 466 miramur,
621 397 732 476 quare
759 383 930 457 comodum
961 354 1007 453 dr
1030 373 1125 453 sinos
1163 374 1318 454 eleslum
1344 380 1480 474 primum
1517 372 1642 451 dicant
1678 395 1778 449 anno

154 515 258 594 1354.
290 499 328 575 dc
360 522 464 576 onem
496 496 596 574 hunc
624 520 744 576 annos
770 495 973 596 praefuisse,
1008 518 1093 573 curn
1124 497 1265 572 litteras
1299 493 1500 572 habeamus
1534 518 1630 570 anno
1671 515 1777 586 ¹3¹5·

148 615 210 695 sub
236 615 370 692 eodem
394 616 565 694 Conrado
592 618 716 708 datas,
740 617 780 696 dc
799 617 1009 699 docebimus
1039 617 1101 693 suo
1129 615 1210 692 loco
1240 614 1342 715 supra
1370 612 1500 709 viginti
1528 610 1648 690 annos
1675 612 1779 688 hunc

31 784 34 788 -
128 735 330 815 -Abbatem
358 735 554 834 imperasse.

104 988 143 1028 ι-
247 951 413 1050 Septimo
440 950 631 1043 miramur,
664 974 774 1054 quare
796 954 942 1054 scriptor
963 956 1022 1033 ille
1045 955 1163 1040 dicat,
1201 952 1390 1030 ssaiorr’ooa
1412 951 1593 1044 Abbatem
1622 951 1658 1024 de
1680 942 1779 1022 slacio

148 1071 334 1152 successisse
357 1074 492 1148 Conrado
509 1073 545 1146 de
567 1067 676 1162 uns,
693 1094 777 1152 cum
800 1075 996 1157 successerit
1009 1076 1166 1152 mador
1183 1076 1219 1146 dc
1240 1075 1444 1169 Vberliogen,
1467 1095 1578 1172 quem
1600 1067 1779 1146 miramur

25 1232 32 1237 '
112 1177 431 1294 'praetermissum
451 1190 581 1268 fnisse..
617 1191 728 1270 Hunc
749 1217 835 1273 vcro
860 1199 1030 1270 Coorcdum
1059 1199 1094 1270 de
1121 1196 1307 1287 Vberlingto
1339 1196 1475 1268 Conrado
1519 1196 1555 1265 de
1584 1184 1680 1264 siocli
1705 1189 1778 1264 im·

147 1314 308 1392 mediate
331 1311 540 1396 successisse,
567 1311 605 1391 dc
633 1313 763 1389 decem
789 1313 933 1391 circiter
959 1338 1076 1406 annos
1107 1309 1316 1411 praefuisse,
1348 1312 1562 1391 docebimus
1592 1310 1651 1383 suo
1682 1306 1777 1385 loco.

145 1433 222 1511 Sed
240 1432 279 1510 δι
302 1431 498 1519 miramur,
521 1452 585 1507 cur
606 1429 705 1508 idem
725 1430 873 1530 scriptor
890 1433 1195 1512 cicatricosam
1209 1435 1246 1508 de
1261 1427 1354 1506 ssorsr
1366 1430 1523 1531 fiucrffiffl
1546 1453 1642 1504 anno
1669 1435 1777 1521 13b3.

145 1575 220 1660 qno
246 1575 343 1628 anno
366 1551 579 1627 docebimus
606 1549 798 1626 Ladodccm
822 1544 1002 1630 Abbatem
1027 1552 1182 1652 praeesse
1210 1550 1417 1647 incoepisse,
1449 1563 1559 1649 atque
1581 1549 1776 1625 Hoioricum

149 1673 286 1750 &modo
306 1694 380 1749 non
402 1668 457 1746 illi
480 1672 517 1744 de
534 1665 853 1757 uos,.seda1teri
876 1676 912 1749 dc
935 1673 1123 1770 Vberb'ogm
1147 1670 1335 1750 succesfiffe
1354 1694 1452 1747 anno
1478 1678 1582 1768 1346.

204 1968 207 1972 -
245 1909 383 1989 oaauo
410 1909 457 1987 de
488 1905 613 2007 Joome
645 1905 842 2010 Effendorffio
869 1912 1007 2001 adfert,
1061 1914 1159 2013 quod
1187 1910 1385 2012 praefuerit
1421 1933 1518 1986 anno
1559 1920 1662 2006 1418.
1700 1905 1769 1983 boo

150 2028 300 2130 quidem
333 2028 458 2126 negari
495 2051 568 2105 non
597 2029 731 2127 potest,
761 2031 788 2107 sr
816 2041 940 2139 tanren
962 2032 1070 2119 velit,
1110 2057 1197 2111 enm
1224 2030 1295 2108 boc
1324 2033 1482 2131 primurn
1508 2053 1604 2106 anno
1637 2030 1773 2112 eoum,

149 2148 263 2281 etlam
284 2147 412 2229 salsum
435 2147 504 2238 est,
531 2148 802 2231 &docebimus
822 2152 885 2231 suo
902 2153 984 2230 loco
1000 2177 1086 2233 eum
1099 2153 1252 2252 praeesse
1275 2148 1466 2252 incoepisse
1481 2174 1578 2228 anno
1595 2169 1700 2242 ¹393·
1771 2214 1774 2219 .

149 2428 154 2439 ,
247 2385 357 2464 Nono
381 2385 573 2473 miramur,
605 2406 716 2484 quare
742 2382 943 2463 ursano
966 2388 1142 2484 Freydonck
1167 2388 1323 2467 affirmet
1343 2383 1530 2483 praemisse
1554 2405 1653 2477 ¹anno
1671 2385 1779 2476 1462.

131 2528 222 2606 rquo
240 2516 406 2604 tempore
430 2492 643 2585 docebimus
666 2503 851 2584 Abbatem
875 2509 1015 2583 cenem
1037 2506 1238 2607 praefuisse,
1272 2509 1311 2585 dc
1336 2502 1517 2579 Erlrordron
1544 2524 1640 2575 anno
1671 2524 1735 2595 145
1741 2519 1776 2592 5.

147 2624 342 2724 resignasse.
390 2623 577 2705 Hastenus
608 2622 766 2705 Census
793 2625 942 2724 Georgii
969 2625 1062 2706 Abb.
1097 2625 1157 2704 cui
1186 2625 1259 2704 boc
1286 2622 1399 2703 solon
1430 2621 1640 2700 addendum
1675 2643 1776 2705 reor,

147 2747 247 2846 quod
269 2767 383 2845 quum
410 2743 472 2820 hic
496 2745 693 2841 eotdogus
717 2748 919 2825 etiamnum
949 2741 1193 2846 chmflopsromm
1226 2747 1360 2820 Roitner
1381 2741 1648 2818 immediatum·
1671 2741 1776 2815 Geor·

144 2875 192 2964 gii
214 2863 487 2945 Antecessorem
510 2869 783 2966 complectatur,
809 2866 924 2945 videri
945 2867 1095 2943 omnino
1108 2867 1241 2964 posset,
1266 2867 1380 2964 ipsum
1402 2863 1464 2942 sub
1491 2863 1586 2939 illius
1602 2862 1775 2959 primum

146 2987 323 3082 regimine
353 2982 503 3061 affixum
533 2982 643 3062 fuluo.
702 2986 840 3065 Verum
871 2984 1035 3065 existimo
1054 2987 1256 3084 postremos
1279 2986 1443 3062 Abbates
1465 2982 1650 3059 successrue
1672 2980 1774 3057 suisse

147 3104 306 3183 additos.
377 3102 574 3181 coeterum
602 3105 699 3202 affigi
730 3117 900 3205 coeptum
931 3105 1001 3181 esse
1033 3105 1096 3182 snb
1133 3108 1263 3204 Cosporo
1294 3103 1428 3200 duplici
1466 3104 1607 3178 ratione
1642 3103 1771 3186 ducor,

78 3244 81 3251 ’
147 3236 189 3304 vt
213 3224 402 3302 affirmem.
456 3247 487 3297 r.
510 3224 590 3301 Sub
611 3249 656 3300 eo
679 3224 912 3303 instauratum
942 3223 994 3301 est
1020 3225 1228 3324 templum,¹
1260 3221 1582 3324 quodsub'Jodoco
1608 3220 1773 3296 exustum

146 3344 274 3427 suerat.
322 3343 536 3439 Catasogus,
563 3341 587 3419 si
613 3343 803 3442 quispiam
818 3343 995 3442 adpensus
1023 3343 1135 3423 etiam
1158 3345 1196 3421 in
1211 3344 1318 3444 priori
1335 3343 1429 3432 suit,
1453 3341 1554 3418 fimus
1581 3340 1664 3436 igne
1687 3361 1775 3416 con·

147 3466 307 3562 sumptus
323 3461 384 3538 est.
455 3485 489 3537 2.
511 3461 572 3538 Ab
598 3487 642 3537 eo
667 3475 830 3561 tempore
857 3464 1071 3559 Catasogus,
1104 3463 1141 3539 in
1172 3461 1591 3566 prioribus‚·Abbatibus
1605 3530 1608 3536 ,
1621 3460 1774 3555 turpiter

148 3580 321 3667 vitians,
346 3579 600 3676 chronologiae
626 3584 750 3660 exuste
777 3582 983 3680 respondet,
1010 3582 1200 3663 cettiffimo
1223 3583 1358 3660 indicio
1381 3606 1468 3661 eum
1491 3607 1536 3658 eo
1558 3605 1649 3657 aeuo
1670 3579 1773 3657 fuisse

148 3701 403 3798 compilatum,
443 3722 518 3799 quo
546 3699 710 3797 ignorare
732 3724 807 3778 non
838 3711 981 3802 poterat
1006 3702 1169 3802 scriptor,
1206 3725 1280 3803 quo
1310 3702 1430 3805 quisuis
1451 3705 1575 3781 Abbss
1608 3724 1705 3785 auno
1735 3699 1774 3776 &

144 3819 206 3899 die
228 3817 455 3897 occubuisset.
502 3902 510 3916 ,

235 4032 441 4112 'Praemiffis
477 4032 554 4131 jam
584 4032 649 4126 iis,
694 4035 825 4134 quibus
859 4032 1186 4116 Reuerendisfimus
1217 4035 1263 4115 D.
1292 4037 1420 4118 Abbas
1446 4039 1563 4116 noster
1592 4035 1773 4134 Georgius

146 4152 264 4235 felicis
290 4153 551 4232 recordationis
580 4165 666 4231 ante
692 4155 871 4232 ducentos
895 4154 1045 4253 jamjam
1073 4179 1189 4235 annos
1221 4159 1317 4234 circa
1341 4158 1506 4238 Bruschii
1521 4214 1540 4244 ,Α
1576 4159 1774 4256 scriptoris·

76 4354 82 4363 ,
147 4296 217 4376 que
242 4272 429 4352 domestici
464 4273 678 4370 catalogum
707 4297 780 4351 non
807 4275 1021 4375 prudentius
1054 4299 1163 4374 quam
1201 4278 1351 4377 aequius
1385 4278 1601 4356 mouebatur
1629 4278 1772 4370 dubiis,
1824 4320 1826 4324 ·

22 4486 32 4495 ἱ
149 4379 263 4472 nubc‘
280 4392 326 4472 ad
353 4416 438 4471 eum
469 4391 657 4472 Abbatum
682 4393 882 4475 nostrorum
910 4396 1094 4489 ordinem,
1110 4396 1187 4495 ·qui
1207 4398 1315 4476 nobis
1338 4398 1454 4478 verior
1480 4399 1639 4486 videtur,
1666 4403 1705 4480 dc
1720 4402 1775 4478 od

148 4515 286 4607 Eorum
307 4535 366 4590 rec
384 4510 517 4611 gestas,
551 4537 642 4614 quas
662 4514 757 4591 edax
777 4512 884 4594 uobis
907 4526 1052 4618 tempus
1071 4515 1236 4618 reliquit,
1268 4519 1504 4599 recensendas
1528 4504 1770 4617 accingamur.

1598 4681 1773 4768 CATA-
