3736 5160
171 244 269 331 :erip¹
403 285 408 293 .
733 208 1155 302 *ffssmt
1518 264 1522 269 «
1633 231 1768 312 ι3η

139 388 296 491 placeat,
330 394 372 465 vt
395 384 641 486 D'enipontum
665 385 712 461 ad
739 384 782 460 D.
807 385 1102 484 christophorum
1124 385 1300 478 lustrier,
1331 412 1441 490 quem
1463 390 1767 470 Reuerendiffima

136 508 349 593 Dominatio
375 506 488 585 vestra
509 506 546 581 in
570 506 746 604 proximis
771 506 841 582 suis
868 508 914 583 ad
940 529 1000 584 me
1019 505 1168 586 Litteris
1191 509 1413 598 nominauit,
1440 512 1508 588 has
1533 499 1777 601 membranas,

135 632 232 730 (pro
259 624 405 724 ungulis
430 626 548 705 Soluti
583 625 663 702 sunt
694 626 823 728 Septen
847 629 975 722 Bazis)
1003 628 1214 713 mittamus,
1253 652 1347 727 quae
1376 653 1440 728 per
1472 631 1632 729 peditem
1664 624 1801 708 mitti‘⁸

136 762 333 851 poterunt:
372 747 459 823 inde
488 749 617 824 eadem
647 749 791 823 ratione
824 748 1007 826 Brininnm
1031 772 1160 848 usque.
1230 748 1500 849 consequenter
1525 777 1571 826 ne
1597 776 1697 828 mora
1722 751 1763 828 fit

135 871 247 947 nimis
269 869 379 965 longa
402 869 549 944 initium
576 866 678 943 isthic
708 866 811 943 fieret
841 866 1020 944 Librorum
1058 869 1268 959 Cleraliurn,
1297 871 1424 947 ‘donec
1458 873 1617 971 reliquae
1648 873 1762 951 etiam

135 995 368 1070 membranae
390 988 642 1088 expediuntur.
701 987 857 1085 Cognita
880 989 1208 1069 Reuerendillimae
1232 991 1278 1068 D.
1303 994 1345 1074 V.
1369 992 1574 1080 voluntate,
1606 995 1653 1071 ad
1677 1016 1760 1072 eam

135 1136 193 1192 me
219 1109 463 1190 conformabo.
575 1180 591 1209 x

242 1392 372 1495 Scripsi
404 1405 490 1471 ante
521 1395 614 1472 duos
645 1391 788 1470 menses
812 1394 858 1472 ad
884 1395 1083 1476 Dominum
1109 1392 1292 1494 Abbatem
1316 1385 1448 1474 Montis
1472 1395 1510 1476 S
1534 1396 1690 1498 Georgii,
1715 1419 1759 1475 ac

131 1516 240 1618 petii,
274 1541 320 1592 an
354 1517 447 1592 duos
480 1513 608 1592 fratres
632 1515 712 1591 suos
738 1528 885 1612 paratus
911 1515 953 1594 fit
979 1542 1092 1597 vnum
1117 1519 1175 1598 vel
1205 1517 1359 1594 alterum
1392 1540 1531 1596 annum
1561 1519 1657 1596 alere
1688 1520 1759 1594 Di·

132 1639 270 1741 lingue,
302 1636 413 1736 idque
444 1636 529 1712 suafi
566 1647 647 1714 turn
682 1636 851 1734 exemplo
879 1630 1088 1716 Monasterii
1117 1640 1249 1715 Montis
1280 1635 1318 1714 S.
1349 1638 1504 1728 Mariae,
1541 1639 1581 1716 de
1604 1640 1757 1718 aliorum'

130 1748 338 1862 praeterda,
370 1770 452 1834 tum
476 1755 636 1834 maxime
661 1760 758 1858 quod
776 1757 933 1834 'omnino
957 1758 1029 1833 hnc
1054 1760 1249 1856 expediat,
1277 1758 1481 1858 frustusque
1505 1759 1638 1837 deinde
1663 1760 1757 1839 sum·

129 1894 214 1981 ptus
238 1879 383 1958 abunde
407 1877 622 1973 compenset.
689 1877 764 1954 Sed
795 1877 998 1955 nihildum
1022 1876 1251 1979 responsums
1289 1900 1381 1956 cum-
1406 1891 1531 1957 tamen
1563 1881 1758 1978 receperit,

130 2000 161 2079 'le
185 2000 398 2101 propediem
422 1995 680 2097 responsurum.
729 1997 878 2075 Interim
906 1999 989 2074 boni
1012 1999 1051 2074 hi
1076 2001 1149 2076 duo
1172 1997 1300 2076 fratres
1322 1997 1472 2090 instant,
1503 1999 1636 2100 sibique
1660 2002 1759 2080 hanc

133 2122 285 2220 gratiam
306 2144 350 2197 eo
375 2118 484 2196 citius
507 2112 807 2209 consenserant,
835 2142 906 2217 quo
927 2119 1103 2217 paulatim
1128 2119 1324 2197 adultiores
1348 2119 1452 2201 liunt.
1512 2121 1636 2200 Ambo
1655 2124 1756 2203 enim

136 2262 274 2319 annum
293 2238 365 2337 jam
389 2244 575 2343 vigefimnm
603 2239 643 2318 ss
662 2243 807 2341 primum
834 2240 1077 2326 excesserunt,
1112 2253 1153 2321 vt
1176 2240 1329 2340 proinde
1351 2264 1423 2341 quo
1452 2241 1582 2332 serius,
1614 2268 1659 2331 eo
1687 2242 1757 2321 mi·

129 2385 202 2440 nus
226 2361 299 2463 apti
322 2360 466 2441 venturi
491 2359 559 2437 snt
585 2361 630 2437 ad
656 2360 793 2445 studia,
827 2359 900 2436 fine
933 2361 1064 2460 quibus
1088 2362 1269 2462 spiritum,
1306 2385 1415 2462 quern
1441 2386 1525 2443 curn
1548 2362 1617 2440 Dei
1639 2365 1756 2460 gratia

124 2485 341 2572 hauserunt,
370 2483 461 2558 haut
483 2480 546 2558 diu
568 2480 745 2559 retenturi
769 2481 960 2571 videntur,
994 2484 1184 2582 praecipue
1206 2483 1244 2560 in
1270 2481 1338 2584 illo
1355 2483 1455 2573 loco,
1491 2485 1543 2563 vti
1572 2486 1654 2562 sunt
1676 2498 1754 2566 tam

124 2603 231 2705 pauci
256 2602 429 2681 Monachi
476 2644 525 2658 —-
574 2645 623 2660 -
671 2603 745 2702 ipso
770 2603 884 2681 etiam
908 2604 1052 2682 Abbate
1076 2606 1199 2682 minus
1223 2627 1309 2702 erga
1332 2604 1506 2682 interiora
1530 2609 1567 2687 da
1593 2606 1751 2707 Discipli-

124 2751 212 2805 nam
234 2723 384 2803 sollicito
407 2723 555 2813 Nescio,
584 2724 670 2824 quid
696 2726 930 2821 pecuniarum
961 2749 1008 2800 ex
1042 2724 1248 2808 Concellaria
1275 2728 1437 2819 (vocant
1464 2725 1667 2822 Sigelgelt)
1694 2753 1752 2805 ac·

124 2846 287 2947 cipiunt,
330 2847 426 2945 quod
454 2857 494 2922 vt
526 2845 635 2922 audio
662 2844 758 2920 inter
790 2844 993 2922 Monachus
1024 2843 1262 2932 distribuitur,
1293 2844 1403 2941 idque
1434 2867 1498 2943 pro
1530 2847 1683 2925 vestibus
1711 2853 1752 2934 ἁ
1798 2865 1803 2869 ’

123 2966 307 3062 ejusmodi
333 2966 492 3046 sufficere
517 2967 638 3042 debet.
688 2965 886 3042 praestaret
906 2987 1055 3042 omnem
1077 2962 1270 3063 pecuniam
1293 2987 1523 3063 quocumque
1548 2967 1653 3045 titulo
1677 2971 1751 3048 col·

122 3088 185 3186 ligi
212 3113 236 3165 a
259 3085 453 3191 Monachis
483 3086 622 3162 solitam
651 3090 694 3165 ab
712 3085 856 3165 llbbate
883 3084 1013 3184 accipi,
1047 3082 1256 3165 &vicisim
1288 3087 1446 3162 eundem
1475 3089 1599 3166 omnia
1629 3093 1750 3171 neces·

122 3209 212 3290 saria
233 3208 429 3284 liberaliter
452 3206 730 3292 subministrare,
756 3220 864 3306 atque
889 3228 1036 3282 omnem
1057 3204 1302 3305 proprietatis,
1329 3206 1479 3282 adeo-in
1500 3209 1636 3303 Regula
1652 3214 1689 3288 S.
1707 3215 1747 3292 P.

121 3328 446 3434 nostri-Beneditli
474 3329 511 3404 tir
530 3328 569 3404 in
589 3328 801 3403 canonibus
833 3328 944 3402 etiam
981 3328 1244 3402 condemnatae
1272 3320 1604 3436 occasionem'tolli.
1671 3337 1748 3414 Sed

120 3462 248 3549 parcat
277 3449 368 3527 mihi
395 3451 491 3526 Rma
511 3449 557 3524 D.
582 3449 625 3528 V.
653 3446 678 3524 fi
702 3447 764 3526 im
788 3449 826 3525 in
857 3448 1041 3525 scribendo
1070 3445 1224 3523 liberior.
1290 3446 1440 3525 Nemini
1468 3450 1748 3552 modumsprae-

119 3572 252 3658 scribo,
285 3570 428 3649 miseret
460 3593 522 3645 me
550 3582 693 3646 tanturn
723 3572 879 3646 duorum
910 3567 972 3643 hic
996 3567 1167 3651 fratrum,
1201 3590 1356 3666 quorum
1389 3568 1484 3644 bona
1506 3569 1673 3650 voluntas
1700 3574 1748 3654 src

119 3698 251 3774 durare
277 3717 351 3768 non
382 3689 525 3789 poterit.
591 3690 686 3767 Rma
708 3690 753 3766 D.
779 3690 822 3768 V.
849 3713 913 3786 pro
938 3688 998 3765 sua
1021 3688 1216 3766 Prudentia
1240 3689 1278 3766 dr
1299 3688 1526 3766 Dexteritate
1555 3689 1602 3766 lic
1629 3717 1746 3772 reme·

118 3817 223 3895 dium
245 3812 410 3891 adhiberi
437 3811 592 3897 curabit,
620 3834 667 3887 ne
697 3811 783 3886 boni
815 3810 945 3886 fratres
977 3809 1038 3888 fibi
1067 3807 1191 3885 odium
1226 3811 1264 3887 da
1300 3809 1590 3906 indignationem
1626 3817 1746 3895 conci·

117 3936 230 4024 lient,
255 3945 319 4012 aut
342 3932 516 4010 delationis
534 3931 675 4033 firspitio
698 3931 843 4008 oriatur.
893 3931 1022 4006 Precor
1044 3928 1165 4005 eidem
1187 3928 1230 4006 R.
1256 3927 1302 4003 D.
1330 3929 1374 4007 V.
1407 3930 1615 4010 diuturnam
1644 3936 1745 4013 inco·

116 4058 343 4141 lumitatem,
371 4059 409 4133 dr
433 4053 557 4130 omnia
580 4049 709 4128 felicia.
759 4053 817 4127 Ex
838 4051 1074 4145 Weingarten
1102 4078 1111 4124 r
1121 4073 1153 4143 5.
1174 4048 1333 4148 januarii
1348 4047 1461 4128 Anno
1484 4059 1589 4134 1610,
1634 4055 1678 4133 R.
1695 4056 1742 4137 D.
1776 4084 1782 4094 ·

116 4180 163 4261 V.
183 4173 448 4258 studiosissimus
473 4172 531 4253 Fr.
560 4173 737 4271 Georgius
766 4174 888 4253 Abbas
907 4171 1042 4250 ibidem
1062 4171 1178 4298 lllppr.

176 4426 408 4588 :Episcopus
441 4483 811 4583 Brixiensrs'Georgii
839 4481 996 4565 Abbatis
1027 4479 1223 4560 Consilium
1255 4481 1302 4560 de
1336 4477 1518 4562 mittentis
1553 4478 1739 4589 Dilingam

111 4608 300 4757 Fratribus
326 4608 465 4688 nedum
489 4619 612 4705 ratum
635 4607 783 4696 habuit,
808 4606 869 4711 sed
896 4602 1194 4803 enaintaliquem
1220 4626 1269 4683 ex
1292 4598 1421 4723 noſtris
1450 4598 1739 4799 Briuionmnfftr}i
1803 4724 1806 4728 Ι
