3736 5160
108 218 111 223 ·
230 209 282 303 tt
835 206 1256 301 mmm*

18 358 20 375 ι
43 434 46 441 -
233 402 340 483 porro
365 379 400 458 ei
422 400 507 459 eam
531 377 763 481 tribuendam
788 384 934 471 censeo,
966 406 1076 484 quam
1094 397 1276 479 meretur3
1312 406 1451 484 necque
1472 383 1570 462 enim
1600 381 1700 483 quod
1722 348 1864 463 tortor

237 501 407 602 antiquus
436 502 636 579 admodum
665 502 734 586 eli,
776 526 864 582 mox
888 507 934 583 ab
960 504 1091 581 erroris
1111 505 1271 603 periculo
1302 504 1403 580 illum
1427 504 1629 581 immunem
1652 502 1756 579 suffe
1783 528 1865 595 cre·

232 624 317 701 dere
341 621 397 698 saa
419 621 481 698 est.
530 622 570 697 P.
593 620 793 699 Bucelinus
813 636 911 701 certe
937 622 1075 700 nullam
1098 645 1209 722 prope
1236 624 1314 700 eius
1337 623 1517 700 rationem
1537 622 1683 710 habuit,
1709 634 1751 699 vt
1771 644 1865 699 con·

183 842 188 849 ³
231 742 364 819 serenti
394 741 582 837 utriusque
615 739 817 837 catalogum
846 744 995 841 patebit.
1072 743 1221 839 Propior
1249 744 1398 842 quidem
1426 756 1506 819 erat
1535 743 1641 818 nobis
1672 742 1863 819 Annorum

232 861 393 963 priorum
419 860 546 957 gellis,
578 859 639 934 ille
659 861 824 958 scriptor,
863 861 924 939 sed
951 875 1115 940 remotus
1145 875 1287 952 tamen,
1319 864 1455 961 aliquot
1482 862 1624 938 Seculia
1649 860 1729 937 suit.
1792 860 1864 939 Er·

230 1002 277 1079 go
306 986 414 1079 polos
441 977 572 1081 laeserit
598 980 743 1076 fontibus
777 980 958 1080 inquirere
994 983 1102 1069 licet.
1138 996 1248 1082 atque
1278 996 1420 1081 oportet
1449 981 1574 1059 etiam.
1632 980 1676 1056 Si
1700 1004 1749 1057 ex
1775 982 1864 1058 An·

44 1164 82 1199 2.
189 1210 192 1215 Ι
230 1100 441 1178 tecelsorum
463 1103 595 1199 scriptis
620 1105 681 1180 sua
707 1099 949 1189 recensuisset,
984 1105 1023 1183 dr
1045 1126 1120 1179 uon
1145 1100 1269 1201 potius
1290 1110 1368 1178 omli
1393 1114 1516 1177 rorum
1538 1104 1704 1177 traditione
1735 1102 1864 1200 (quod

45 1318 48 1335 ι
229 1220 301 1321 ipse
321 1243 393 1309 vna
416 1220 496 1318 plus
520 1220 600 1297 vioe
625 1218 785 1314 fatetur)
810 1220 1004 1307 didicisset,
1036 1223 1138 1310 esset,
1173 1246 1235 1299 cur
1261 1222 1378 1317 magio
1405 1222 1485 1316 ejus
1515 1219 1655 1296 adserta
1688 1242 1710 1295 a
1738 1222 1861 1297 Polle-

228 1362 352 1416 rorum
380 1339 456 1415 erist
484 1341 596 1416 libera
619 1339 883 1437 judicaremus:
918 1363 1139 1440 quamquam
1171 1345 1209 1421 dr
1240 1341 1387 1416 coaeuis
1423 1340 1651 1436 scriptoribus
1678 1362 1765 1415 coeco
1774 1338 1862 1432 fidas

229 1481 433 1556 numquam
470 1460 521 1536 est
550 1459 766 1535 adhibenda.
844 1458 1089 1555 chronologia
1121 1460 1160 1535 in
1190 1461 1315 1557 primis
1343 1460 1367 1534 sr
1395 1460 1520 1539 vitiosa
1564 1456 1864 1556 deprehenditur,

227 1577 427 1657 Auuorem
458 1578 496 1653 in
518 1578 696 1675 judicium
721 1601 850 1654 vocare
875 1580 1039 1657 veritatis
1067 1602 1170 1656 amor
1191 1580 1345 1677 patitur,
1376 1579 1569 1677 jubetque,
1606 1577 1692 1655 huic
1721 1578 1788 1657 vni
1817 1576 1862 1659 u·-

227 1698 389 1777 bandum
413 1695 474 1775 est.
523 1697 600 1775 Sed
621 1696 700 1797 jam
724 1696 960 1797 Catalogum,
983 1698 1099 1798 qualis
1122 1697 1191 1788 est,
1214 1698 1287 1776 lroc
1312 1699 1392 1775 loco
1419 1698 1676 1777 exhibeamur:

614 1961 707 2050 DE
752 1962 1121 2050 ABBATIBVS
1162 1962 1461 2049 NOSTRIS.

227 2159 248 2197 '
327 2158 508 2246 Quoniam
539 2183 562 2236 a
591 2159 761 2257 primaria
788 2158 1019 2237 Fundatione
1048 2159 1256 2236 Monallerii
1286 2158 1394 2235 nostri
1422 2155 1582 2234 diuersos
1608 2157 1708 2235 hunc
1734 2154 1861 2237 locunt

26 2322 28 2405 r
127 2300 165 2391 s
227 2278 366 2356 constat
383 2279 509 2355 rexisse
531 2280 703 2357 Pastores.
752 2278 814 2357 Ad
832 2281 1007 2375 majorem
1030 2277 1205 2353 noticiam
1224 2277 1426 2353 Posteritati
1447 2276 1722 2376 relinquendam
1744 2300 1860 2379 quae

228 2402 315 2478 dam
344 2400 392 2477 de
423 2397 479 2473 eis
505 2398 711 2478 summatim
740 2396 971 2497 perstringere
993 2397 1147 2494 dignum
1178 2395 1361 2473 duximua.

327 2637 474 2715 Pnrnrvt
506 2635 631 2735 itaque
662 2656 894 2713 uraruouuvs
926 2633 1075 2713 nomine
1098 2631 1313 2711 monachice
1338 2634 1432 2717 vite,
1463 2644 1502 2707 ot
1528 2637 1633 2730 mort.
1672 2633 1858 2732 plantator

226 2756 298 2837 sirit
321 2757 490 2834 eximior.
550 2755 622 2840 Qui
644 2757 808 2858 spiritalis
835 2755 1021 2857 discipline
1045 2776 1174 2833 norma
1203 2755 1315 2831 rudes
1336 2754 1601 2855 Discipulorum
1626 2754 1773 2833 animoa
1797 2756 1856 2835 dt·

224 2879 404 2978 lingenter
430 2874 606 2955 instruxit.

203 3164 205 3169 ·
313 3094 526 3194 &cunnus
559 3114 710 3193 nomine
729 3136 979 3193 aornuamrvs
1011 3114 1210 3213 religiosam
1243 3113 1357 3193 vitam
1381 3114 1520 3189 ducens
1541 3108 1764 3211 Exemplum
1786 3112 1855 3191 Di·

38 3214 39 3225 ‘
159 3277 167 3287 ,
225 3234 372 3334 scipulis
384 3237 419 3313 se
436 3234 597 3334 prebuit,
619 3235 704 3335 quia
720 3239 815 3333 quod
831 3238 940 3333 verbo
961 3234 1102 3321 docuit,
1127 3236 1199 3335 piis
1216 3234 1376 3312 moribus
1398 3234 1434 3311 u
1454 3255 1562 3329 opere
1578 3231 1756 3331 impleuit.

32 3542 35 3589 ¹.
323 3474 487 3551 Tnamvs
512 3470 663 3551 nomine
693 3426 875 3547 unumevs
899 3472 942 3571 *)
982 3472 1178 3549 secundum
1215 3469 1409 3547 relationes
1443 3468 1622 3545 seniorum
1657 3471 1773 3551 sande
1811 3474 1851 3552 dt

33 3602 34 3627 ¹
147 3600 152 3619 ⁴
222 3590 429 3694 simpliciter
459 3591 621 3669 uiuendo
651 3592 804 3689 prefuit:
849 3591 888 3669 id
910 3592 961 3671 est
985 3614 1134 3690 gregem
1157 3589 1221 3669 fibi
1253 3590 1479 3668 commissum
1516 3588 1555 3665 in
1587 3588 1648 3668 via
1685 3590 1851 3670 veritatis

34 3780 43 3812 ,,
195 3712 339 3793 molli
369 3724 496 3790 tenore
519 3710 667 3791 direxit.
1707 3726 1710 3731 ·
1834 3732 1839 3739 ·

215 3968 220 3981 ·
324 3954 506 4038 Qonnrvt
531 3946 681 4028 nomine
703 3970 881 4030 wanrcuo
907 3946 1112 4045 spiritaliter
1139 3950 1175 4027 dr
1202 3945 1239 4021 in
1262 3944 1420 4021 Domino
1442 3943 1602 4039 glorians
1621 3942 1682 4023 fibi
1706 3948 1850 4050 suisque

221 4073 383 4173 proiecit.
436 4071 505 4146 Per
526 4093 635 4170 quem
661 4082 755 4145 nutu
778 4069 849 4144 Dei
870 4068 991 4144 omnio
1012 4069 1131 4143 honor
1157 4070 1195 4145 dr
1216 4066 1394 4164 prosetius
1419 4065 1684 4159 Monachorum
1707 4080 1786 4148 tarn
1810 4069 1851 4147 in

219 4194 353 4275 timore
378 4190 524 4278 diuino,
551 4213 659 4288 quarn
686 4170 855 4283 ibonis
882 4188 1109 4285 augmentari
1136 4185 1257 4285 coepit
1282 4185 1538 4283 temporalibus
1561 4185 1640 4287 ⁰⁶).

1727 4304 1849 4395 Qum·

261 4464 296 4548 ὓ)
316 4462 356 4530 Id
375 4463 413 4553 est
430 4462 615 4539 Helorion,
637 4482 707 4529 narn
725 4458 766 4531 Θ
782 4457 865 4525 lindie
886 4456 972 4525 Italis
989 4457 1122 4544 Herrigo
1142 4458 1301 4524 Heinricut
1319 4456 1365 4545 esi.

260 4615 312 4694 ⁸)
334 4613 494 4683 Guelsonia
510 4614 563 4688 lV.
585 4612 779 4681 Dototiouem
802 4609 937 4696 iutelligit
954 4606 1103 4696 scriptor,
1132 4606 1248 4696 sudam
1276 4628 1354 4675 unito
1375 4627 1470 4694 1090.
1501 4625 1557 4693 quo
1578 4604 1624 4674 tte
1646 4604 1754 4677 Attus
1773 4628 1847 4697 ergo

296 4723 365 4811 iarn
383 4718 527 4821 praefuit.
779 4748 789 4759 ·
