3736 5160
111 222 194 317 ³1⁶¹
767 306 773 315 ¹

113 399 264 488 dubito,
286 398 371 498 quin
397 400 471 494 iam
498 395 542 473 ad
567 394 612 473 R
638 396 900 475 paternitatem
926 410 1028 475 tuam
1054 397 1234 497 perlatum
1258 396 1339 477 lic·
1373 398 1444 479 Fui
1465 424 1549 481 cum
1570 400 1649 478 illo
1665 424 1757 478 -non

112 502 167 598 ita
196 519 335 618 pridem
365 518 572 603 Monacbii,
602 539 645 592 ac
677 518 724 593 de
761 516 963 617 Otroparnai
995 518 1202 597 llllonasterii
1230 522 1323 599 liatu
1358 524 1459 601 varia
1493 508 1654 610 conniti,
1695 523 1756 623 qui

114 642 152 725 δι
187 666 271 719 cum
299 638 609 717 Reuerendiliimo
643 637 688 714 D.
714 636 890 736 Episcopo
916 640 1110 743 Angustam
1139 642 1230 718 serio
1259 644 1329 720 hac
1359 644 1407 721 de
1435 668 1476 721 re
1503 646 1605 741 egit,
1641 643 1697 721 ita
1720 656 1756 721 vt

114 766 267 839 tandem
290 761 503 860 aliqnando,
530 758 700 857 quamuis
721 782 795 833 non
818 759 891 835 fine
905 759 1069 837 maximo
1093 759 1192 839 illius
1212 762 1282 839 loci
1300 764 1458 854 darana,
1478 767 1659 865 speranda
1680 789 1757 843 rna·
1847 742 1860 823 Ἀ

112 884 205 960 liora
231 883 308 957 bnt.
359 881 459 956 Deua
480 880 604 955 omnia
632 880 726 953 bone
751 879 931 966 fortunat,
958 879 996 957 u
1028 882 1075 957 ad
1102 882 1265 960 Salutem
1288 882 1485 963 multorum
1504 886 1668 962 suauiter
1703 888 1772 961 di-

114 1006 250 1106 lponat.
310 1001 352 1077 Si
378 1002 467 1099 quid
493 1001 536 1075 R.
565 1003 602 1073 P.
629 999 671 1072 Τ.
698 1000 746 1078 ad
770 1000 907 1079 bonurn
934 999 1034 1078 illius
1063 1002 1272 1081 Monallerii
1297 1005 1417 1082 lacere
1446 1007 1598 1106 poterit,
1640 1004 1814 1083 etiarm

114 1117 225 1204 atque
249 1101 363 1178 etiam
396 1122 484 1197 rogo
509 1110 580 1175 etc.
607 1108 678 1173 etc.
957 1114 961 1122 ·

209 1342 391 1421 Abbatem
417 1340 574 1420 nostram
603 1336 802 1418 Oliolnanm
827 1338 1045 1431 concedisse,
1083 1338 1205 1440 ibique
1231 1340 1292 1419 lua
1315 1366 1425 1442 opera
1448 1368 1514 1446 pro
1533 1341 1863 1445 Disciplina&

113 1464 368 1550 incremento,
408 1477 472 1541 aut
503 1464 625 1562 potius
658 1459 915 1538 restauratione
951 1485 1025 1536 non
1055 1462 1148 1537 nibil
1174 1460 1345 1547 elleciffe.
1378 1465 1571 1564 sequentes
1600 1466 1809 1543 demon-
1837 1476 1862 1527 1

113 1584 225 1661 lirant
251 1584 413 1661 Litterae
434 1586 513 1681 ejas
533 1583 605 1659 loci
630 1581 809 1659 Abbatis:
836 1579 913 1655 Pax
937 1580 1033 1657 Dei!
1063 1576 1277 1661 Admodum
1296 1584 1513 1663 Reuerende
1541 1586 1585 1665 in
1610 1584 1752 1663 christ
1796 1614 1834 1642 ·

112 1706 240 1793 Pater,
264 1729 308 1781 ac
328 1705 515 1783 Domine!
542 1705 652 1781 mitto
672 1704 719 1778 ad
740 1700 785 1777 ic
811 1701 853 1777 P.
876 1702 917 1777 Τ.
942 1724 1068 1780 meum
1098 1700 1311 1804 Subpriorrm
1339 1729 1411 1783 vna
1430 1729 1520 1785 cum
1541 1704 1759 1797 Serretario,
1776 1758 1829 1789 ι

114 1825 206 1904 alter
226 1838 267 1906 vt
293 1828 483 1923 negotium
511 1828 612 1901 Tuae
633 1820 851 1899 Patamitati
880 1823 1101 1922 perspetlum
1130 1822 1431 1927 Vagenlraufirnrrm
1452 1828 1551 1928 apud
1580 1826 1755 1907 officiales
1853 1877 1868 1885 -

112 1946 211 2025 illius
233 1947 305 2025 loci
334 1957 566 2047 promouent,
606 1943 645 2022 dr
668 1958 824 2040 urgeatr
871 1941 962 2021 alter
990 1943 1143 2023 veroid
1177 1946 1277 2044 quod
1306 1946 1543 2026 conuentum
1575 1948 1755 2029 manaae

112 2092 240 2147 meum
261 2067 467 2155 concernit,
498 2075 711 2164 exequatur.
759 2066 858 2144 Nam
878 2064 974 2142 inter
994 2075 1135 2153 cetera,
1158 2090 1240 2163 prae
1256 2070 1326 2169 post
1349 2066 1574 2147 Paternitatr's
1588 2082 1662 2147 lane
1678 2067 1755 2145 binc

114 2189 297 2293 Disceffum
322 2214 406 2266 cum
434 2190 474 2266 P.
497 2187 592 2287 Julio
618 2182 777 2273 contuli,
802 2196 881 2263 erat
900 2187 947 2263 de
969 2184 1237 2264 introducendo
1260 2187 1420 2278 meliori,
1443 2212 1555 2289 quam
1579 2188 1867 2269 unumne

113 2310 203 2395 luit,
236 2310 358 2388 modol
375 2307 595 2408 procedendi
627 2306 742 2381 totius
773 2306 866 2393 diei,
900 2317 981 2383 tum
1006 2306 1046 2383 in
1075 2306 1203 2384 diuino
1231 2305 1352 2395 cultu,
1389 2334 1500 2410 quam
1528 2310 1570 2387 in
1606 2308 1855 2401 studiis...⁵

112 2430 320 2529 praesertim
345 2453 429 2504 cum
451 2429 605 2527 idipsum
628 2450 652 2500 a
672 2425 981 2505 Reuerendiffimo
1005 2426 1125 2505 nostro
1150 2424 1334 2507 Ordinatio
1353 2429 1391 2506 in
1413 2430 1603 2509 mandatis
1622 2430 1846 2509 babea—

113 2574 210 2633 mus.
258 2550 356 2627 Cum
382 2548 493 2645 igitur
516 2549 631 2625 veltra
657 2544 806 2623 uiuendi
839 2546 933 2621 ratio
954 2570 1173 2646 magnopere
1194 2550 1489 2637 commendetur,
1522 2551 1683 2629 omuino
1707 2551 1839 2628 fa·—

114 2672 288 2749 ciendum
323 2652 436 2758 duxi,
472 2679 513 2745 vt
545 2664 816 2766 quamprimum
852 2690 899 2742 ex
932 2666 1028 2743 meis
1059 2688 1173 2744 vnum
1209 2671 1256 2745 ad
1287 2669 1326 2745 P.
1350 2668 1390 2747 T.
1416 2670 1658 2762 destinarem,
1694 2668 1834 2772 qufl

114 2792 337 2893 praedictum
363 2787 585 2888 procedendi
609 2789 763 2864 modum
802 2784 1022 2885 describeret}
1047 2812 1177 2887 quem,
1209 2791 1262 2867 vti
1288 2793 1422 2891 Spero,
1455 2792 1534 2869 'sua
1557 2792 1606 2868 R.
1630 2792 1832 2869 Pater-

115 2914 215 2992 nitas
239 2935 304 3011 pro
329 2912 392 2989 suo
417 2911 454 2986 in
480 2930 550 2985 nos
576 2906 704 2985 alleitu
726 2907 826 2983 haud
851 2918 1004 3005 grauate
1027 2908 1151 2986 eidem
1174 2912 1376 3001 exhibebit,
1412 2936 1456 2991 ac
1481 2911 1519 2990 in
1546 2910 1633 2990 aliie
1655 2912 1833 2993 suart-

67 3044 89 3053 ”
114 3058 263 3137 operam
282 3034 320 3112 &
344 3031 531 3109 cenidium
556 3027 852 3107 communicabit
916 3030 1025 3116 Quod
1060 3028 1170 3106 ollrcii
1200 3054 1318 3128 mnus
1343 3058 1416 3111 vna
1447 3058 1534 3113 cum
1561 3033 1663 3111 meir
1695 3044 1835 3133 per:

114 3154 339 3233 occasionem
368 3153 565 3252 rependere
597 3173 673 3226 non
704 3147 958 3227 intermittam.
1021 3149 1176 3250 Reliqua
1206 3177 1255 3227 ex
1285 3152 1359 3253 ipio
1382 3156 1588 3255 subpriore.
1656 3152 1837 3232 Tuan

117 3274 357 3356 Patamitatis
385 3296 428 3349 ac
462 3270 630 3368 ejusdem
663 3280 869 3345 conuentus
901 3269 1024 3347 Sacris
1053 3270 1220 3369 precibus
1251 3294 1313 3350 me
1343 3276 1578 3355 commendo.
1654 3276 1840 3355 Data.

113 3395 309 3476 uobiscum
341 3405 413 3475 etc.
444 3391 647 3491 Ottenpurae
678 3404 734 3476 18.
760 3389 915 3489 Augusti
946 3399 1050 3473 1600.
1075 3392 1200 3473 Frater
1219 3392 1420 3475 Alexander
1436 3392 1570 3477 Albas.

212 3636 326 3716 Anno
355 3640 459 3715 1601.
484 3634 579 3713 duoa
599 3630 697 3712 intra
722 3630 867 3709 blenses
890 3632 1053 3711 Litterae
1077 3634 1125 3711 ad
1148 3633 1285 3717 Vineae
1305 3634 1449 3714 delatae
1475 3646 1554 3716 tter
1577 3660 1753 3739 peruene-
1794 3666 1834 3681 ‘

115 3767 220 3848 runt,
245 3758 350 3858 queis
373 3756 574 3855 Religiolua
598 3754 725 3834 Frater
755 3755 912 3853 petitur,
949 3754 1097 3832 Vinmae
1129 3757 1167 3835 in
1189 3756 1407 3834 Monallerio
1430 3758 1478 3837 ad
1496 3756 1629 3839 Scarus
1652 3758 1747 3839 Prior

116 3878 399 3957 constituendus.
456 3876 634 3977 Epistolas
663 3876 756 3974 ipsas
784 3898 896 3954 unam
923 3878 999 3976 post
1031 3876 1182 3957 alteram
1209 3878 1432 3971 reseremus,
1463 3879 1672 3963 Admana
1694 3878 1752 3961 ltu

115 3999 241 4102 pbtina
262 3997 479 4099 scriptionis
510 3996 688 4077 Ordinem
714 3995 900 4077 seruatori.

210 4235 287 4317 Nor
322 4232 511 4339 Baltlafiar
546 4230 713 4317 Saltem
751 4228 819 4310 SS.
851 4228 1069 4335 Theologiae
1097 4232 1259 4325 Douor.
1305 4234 1537 4319 cathedralia
1571 4238 1763 4321 Ecclebre
1832 4327 1834 4331 ‚

117 4356 333 4442 Viennensis
358 4356 566 4435 canonicor
592 4354 803 4441 decollas,
835 4376 906 4430 nec
929 4378 1004 4434 non
1031 4357 1168 4437 Curiae
1195 4356 1415 4461 Episcopalia
1447 4362 1588 4445 ibidem
1619 4364 1754 4443 officia·
1853 4372 1866 4415 ³

116 4478 164 4558 lis
190 4501 233 4554 ac
260 4479 429 4559 Vicarius
451 4475 642 4557 Generalis
670 4476 884 4555 Reuerendo
910 4476 1111 4557 admodum
1135 4477 1174 4557 in
1193 4476 1336 4559 Cluisto
1358 4480 1457 4561 Patri
1479 4494 1556 4563 etc·
1572 4484 1692 4563 nobili
1711 4502 1754 4559 ac

118 4596 320 4683 Cleriffimo
339 4600 428 4685 Viro
453 4610 526 4680 etc.
557 4594 720 4683 Domino
744 4594 906 4695 Georgia
935 4595 1075 4679 Abbati
1099 4600 1312 4701 Monaderii
1340 4602 1382 4683 ln
1410 4602 1656 4707 weingarten
1686 4614 1753 4681 etr.
1860 4596 1864 4601 ’

467 4744 470 4749 ’
1606 4722 1756 4807 ordiale
