3736 5160
118 257 193 341 478
726 239 1148 331 *Μῶα*

217 420 329 497 Auno
359 423 463 516 1644
490 440 546 513 30.
572 417 672 515 May.
738 414 823 491 Post
849 418 975 493 horam
1001 419 1166 495 odanam
1192 410 1430 515 vespertinam
1448 417 1580 518 fulmen
1610 416 1646 493 in
1668 430 1733 495 tur·

116 541 190 623 rim
220 540 257 617 dr
288 538 485 615 Ecclesiam
522 536 680 613 nostram
721 535 881 624 decidit,
921 535 1016 614 varie
1051 536 1137 612 hinc
1168 536 1254 613 inde
1286 539 1525 635 diuagatum,
1559 539 1675 614 donec
1705 540 1734 613 le

120 662 269 741 tandem
296 660 335 736 in
364 658 536 735 Peristilio
563 658 610 733 ad
640 655 816 755 parietem
842 655 880 731 in
910 667 1044 732 terram
1080 656 1256 733 dimiserit
1288 655 1362 735 fine
1400 658 1562 738 ulteriori
1600 660 1736 733 damno.

119 782 292 857 Cernitur
313 780 489 881 inscriptas
511 781 592 855 anni
617 801 783 864 numerus,
807 798 880 875 quo
904 776 943 853 id
963 776 1096 856 sudium
1121 777 1172 856 est
1193 777 1397 859 etiamnum
1422 779 1536 856 hodie
1555 776 1594 853 in
1618 780 1737 855 eodan

118 924 224 979 muro
241 913 312 976 etc.

218 1162 275 1212 21.
304 1135 468 1213 Viennae
491 1133 817 1212 Reuerendillimus
842 1134 1024 1212 Dominus
1051 1160 1074 1210 a
1103 1134 1228 1214 Sorina
1264 1139 1448 1215 Cononicus
1475 1138 1688 1213 Munnmnur
1708 1132 1749 1223 tl,

122 1258 342 1354 murrrucmss
372 1256 416 1331 R
442 1255 481 1333 P.
513 1254 720 1332 Gabrielem
754 1254 912 1331 nostrum
943 1256 989 1331 ad
1020 1256 1211 1354 prandium
1244 1257 1493 1334 inuitauerat:
1528 1256 1591 1332 vbi
1617 1254 1737 1351 praeri-

118 1401 231 1476 puum
257 1376 332 1451 sere
354 1376 395 1451 de
418 1374 474 1452 Ss.
499 1373 682 1472 Sanguinis
714 1374 847 1476 historin
870 1374 1090 1473 colloquium
1114 1376 1339 1455 miscebatur.
1386 1376 1548 1453 Alsemr't
1561 1374 1739 1475 interdu,

118 1498 218 1573 idem
262 1480 590 1603 Reuerendilsrmus
632 1493 677 1569 D.
710 1493 916 1569 Caconicus
957 1499 1099 1594 nostrum
1141 1523 1214 1571 urna
1252 1498 1445 1574 Mantuano
1491 1494 1740 1572 Frutrruitnue

117 1619 322 1696 etiamnum
346 1617 493 1700 durare,
521 1613 755 1713 &deinceps
779 1614 990 1693 duraturam
1013 1614 1083 1689 elle
1107 1642 1178 1691 cum
1197 1622 1274 1716 jane
1298 1616 1432 1717 hospitii
1451 1627 1512 1691 erc.

213 1859 325 1937 Anno
354 1862 457 1954 1645.
507 1852 745 1928 Holenailoui
768 1852 1001 1931 Bucliornum
1027 1854 1065 1935 dr
1091 1853 1207 1954 Hosen
1230 1856 1477 1958 expoliarunt,
1510 1854 1552 1933 dr
1575 1852 1742 1952 Joanneu

118 1984 164 2063 N.
190 1978 384 2057 officialem
404 1973 563 2049 nollrum
595 1974 781 2072 captiuum
815 1976 1064 2064 abduxerunt,
1101 1986 1320 2073 tantumque
1344 1974 1516 2053 omnibus
1536 1973 1639 2053 locis
1662 1973 1740 2068 adia-

119 2101 286 2179 centibus
320 2109 461 2174 metum
493 2092 688 2178 incudere,
722 2106 761 2172 vt
784 2116 897 2174 nemo
923 2119 991 2173 nec
1023 2095 1090 2173 diu
1127 2118 1197 2173 nec
1219 2098 1329 2175 undu
1363 2096 1509 2172 securus
1540 2094 1740 2175 niueum&

117 2219 278 2322 quietus.
330 2240 364 2317 7.
387 2218 490 2312 May.

216 2487 251 2559 3.
275 2460 376 2557 Sept.
405 2481 426 2533 a
453 2454 606 2533 Conrado
636 2444 849 2533 Wruirriold
874 2455 1169 2537 Commendmte
1195 2456 1438 2535 Hoienurilnno
1460 2468 1600 2557 captus
1624 2456 1675 2534 est
1690 2452 1741 2533 lsr-

118 2583 355 2685 uerendifflmns
383 2578 548 2654 Dominus
574 2576 769 2651 Dominicus
794 2574 914 2651 Albos
941 2580 1067 2678 noster,
1101 2580 1138 2656 dr
1167 2577 1205 2653 in
1230 2602 1350 2655 arcem
1383 2578 1673 2655 Hubenwilunnm
1695 2574 1765 2653 ὠ.

118 2705 258 2781 dusius.
282 2768 289 2784 ,
322 2699 543 2792 confugerat
578 2695 910 2772 Reuerendilfimus
938 2698 984 2772 D.
1013 2697 1140 2776 Abbas
1175 2700 1214 2773 in
1242 2699 1430 2775 ciuitatem
1457 2695 1740 2801 Rnnmspurgob

117 2822 326 2922 frequentes
352 2821 390 2897 dr
413 2815 579 2893 inimicas
602 2814 687 2892 dini
716 2816 1008 2893 commendantis
1036 2817 1264 2895 excursiones
1290 2819 1467 2900 &totius
1496 2821 1666 2916 regionis
1689 2818 1740 2893 lu·

118 2942 177 3040 jus
205 2938 513 3039 depopulationes.
568 2933 784 3039 Obfidelutur
810 2946 889 3011 tum
912 2937 1024 3013 etiam
1047 2939 1142 3015 ditia
1171 2939 1321 3027 ciuitas,
1344 2963 1502 3038 cunque
1523 2940 1645 3016 hollis
1663 2960 1740 3013 con·

118 3064 260 3161 perisset
293 3061 332 3136 in
358 3081 403 3135 ea
429 3056 563 3137 morari
598 3054 879 3154 Wingurrensem
907 3055 1112 3158 Prorsulem,
1143 3082 1230 3135 eum
1257 3058 1320 3134 srbi
1349 3058 1442 3135 trudi
1471 3054 1739 3157 postulauit,ni

118 3184 212 3261 serro
242 3185 279 3261 dr
303 3178 462 3257 llammis
488 3202 562 3253 non
593 3175 663 3252 sola
690 3177 792 3263 vrbs,
836 3176 895 3251 sed
924 3188 1003 3253 tota
1029 3178 1291 3255 circumiacere
1328 3179 1428 3276 regio
1460 3182 1651 3257 deuastari
1679 3200 1739 3257 na·

81 3304 173 3383 ·lit.
243 3302 350 3386 Quod
383 3298 442 3377 vbi
472 3295 800 3373 Reuerendillimus
828 3294 953 3373 Abbas
990 3296 1150 3387 rescidit,
1183 3322 1232 3374 ne
1260 3296 1311 3373 sui
1339 3300 1443 3375 causa
1476 3301 1609 3377 Patria
1641 3302 1738 3395 majus

119 3426 297 3500 damnum
318 3431 518 3529 pateretur,
545 3417 664 3492 libens
691 3418 728 3494 dr
753 3415 971 3513 spontaneus
991 3441 1065 3491 nox
1080 3418 1288 3513 petentibus
1309 3416 1348 3494 id
1368 3418 1533 3506 ciuibus,
1562 3422 1605 3498 in
1625 3406 1737 3499 'manus

119 3542 275 3623 hostium
303 3540 336 3615 se
360 3539 473 3615 dedit.
523 3536 764 3613 Detinebatur
785 3536 824 3611 in
848 3535 921 3610 hac
945 3538 1157 3635 captiuitate
1184 3564 1281 3635 osque
1307 3542 1342 3613 in
1365 3538 1534 3639 sequentis
1560 3548 1645 3619 unni
1669 3566 1737 3617 ure·

112 3664 184 3763 sem
205 3662 390 3747 Martium,
416 3682 488 3758 quo
511 3659 660 3733 tandem
684 3656 816 3732 iterum
833 3655 1015 3746 dimissus,
1041 3658 1138 3736 &in
1162 3656 1284 3734 locum
1304 3656 1385 3754 ejus
1409 3659 1626 3739 substitutus
1646 3660 1733 3739 elliu

118 3784 274 3863 obsrdem
301 3778 342 3857 P.
362 3778 540 3878 Anselmru
565 3774 707 3853 Oneuld
727 3778 980 3854 conuentnalis
1011 3776 1145 3865 noster,
1169 3800 1359 3878 quousque
1386 3778 1546 3858 citemm
1573 3783 1734 3880 integrm

118 3904 169 3981 cd
192 3901 260 3979 ono
275 3905 477 3999 florenorum
507 3896 615 3974 millio
637 3895 831 3972 minimum
855 3897 1082 3983 excrescens,
1114 3901 1211 3997 quod
1235 3922 1298 3997 pro
1323 3899 1376 3987 se,
1400 3900 1648 3990 Monasterio,
1674 3903 1732 3979 fib

119 4024 210 4101 ditis
235 4024 272 4103 dr
299 4018 520 4120 Alrdorffenfi
540 4016 662 4117 oppido
690 4016 863 4113 spondere
888 4018 1358 4107 coadunantibus,
1381 4022 1655 4117 persolueretur.
1689 4022 1732 4097 lio

118 4143 299 4243 persoluto
330 4139 491 4238 sperabat
512 4138 660 4235 quidem
685 4136 1013 4213 Reuerendilsrmus
1033 4136 1214 4214 Dominus
1235 4138 1357 4217 Abbas
1380 4140 1517 4228 noster,
1548 4148 1595 4221 ab
1616 4144 1732 4244 Alnus·

112 4259 261 4364 finfibas
282 4262 319 4339 da
341 4258 380 4334 in
402 4256 619 4357 Laudoogtio
636 4258 848 4351 degentibus
863 4255 1077 4333 refusionem
1101 4258 1333 4357 expensarum
1349 4283 1361 4351 ς
1387 4283 1501 4358 quam
1516 4266 1584 4343 etsi
1600 4288 1731 4367 aequm

120 4380 357 4477 agnouerint‚
381 4378 576 4476 libentique
605 4378 728 4455 animo
747 4375 987 4462 exsoluillent,
1019 4386 1143 4456 tamen
1172 4378 1218 4453 ab
1239 4378 1430 4487 officialibus
1456 4386 1634 4487 austriacis
1655 4384 1729 4464 iubi-

120 4502 188 4580 biti
202 4501 365 4582 suerunt,
389 4498 711 4597 praetendentibus
725 4498 764 4573 id
776 4495 908 4598 juriban
916 4495 988 4596 suis
1003 4498 1185 4595 derogare.
1229 4498 1270 4579 A
1285 4500 1435 4578 Bnuoris
1454 4507 1612 4603 quidem
1626 4508 1727 4610 Sporg-

115 4626 196 4733 gsus
221 4617 396 4721 Equitum
423 4616 751 4707 praesumite
778 4616 948 4695 manibus
969 4616 1126 4698 nonium
1148 4619 1334 4718 captiuum
1362 4622 1524 4724 eriperet
1550 4630 1726 4713 Abbatem

1659 4752 1724 4829 dm
