3736 5160
647 234 1071 329 *mem*
1597 241 1677 333 αἱ

135 414 261 506 Quum
292 409 363 486 hoc
402 411 476 511 ipso
512 412 624 488 Anno
659 411 703 487 D.
725 411 913 512 Leopoldas
942 415 1082 495 Dicsias
1114 441 1136 493 o
1167 416 1452 516 Hislpramltsegg
1483 410 1673 510 utriusque

82 531 136 617 ris
159 532 309 620 uoaor,
340 531 536 607 Caesareae
560 530 759 627 Maiestatis
787 533 1035 625 consiliarius,
1077 537 1241 633 eiusdem
1262 535 1301 610 in
1330 534 1469 630 judicio
1492 533 1670 609 Camenae

82 651 241 751 marialis
275 651 507 734 Aduocatus,
546 662 654 749 atque
691 653 803 729 etiam
837 653 955 737 noster
989 656 1122 734 ibidem
1159 634 1382 731 Procurator
1411 656 1488 732 vita
1523 651 1668 728 sunstus

82 772 253 853 oeffiffet.
292 769 416 846 Abbas
445 770 541 846 datis
570 771 632 846 die
659 795 715 846 22.
737 772 863 849 Martii
889 772 937 867 k)
961 775 1111 852 Litteris
1126 775 1206 852 DD.
1233 773 1405 881 ffooamm
1433 773 1526 875 Vess,
1551 766 1669 848 Sebas-

82 920 115 967 π
139 889 309 989 Spiraium,
345 893 381 968 dr
412 888 623 965 Wisiesmum
650 891 794 991 Hegesia
826 892 864 968 in
888 890 967 990 ejus
991 892 1113 973 locum
1137 894 1351 990 subrogant
1413 892 1555 967 Eodem
1579 911 1670 988 quo-

82 1035 107 1086 e
136 1033 236 1085 anno
261 1032 363 1108 1572.
390 1009 451 1084 die
481 1035 536 1084 ro.
560 1011 784 1105 Septembris
807 999 981 1117 Journem
1015 1013 1088 1090 Coo
1120 1035 1235 1111 nuper
1265 1013 1304 1088 in
1330 1010 1572 1109 Praepofitum
1598 1009 1670 1084 Ec·

82 1128 166 1207 siae
190 1128 413 1225 collegiatae
439 1128 761 1232 Bertenbrunnmsts·
778 1132 931 1210 elestum
959 1132 1170 1210 sonoritate
1203 1131 1393 1229 apostolica
1414 1118 1670 1244 consonante,

82 1236 202 1348 mque¹
220 1270 284 1346 per
312 1247 578 1344 subdelegatum
603 1248 794 1326 Decanum
818 1251 978 1348 Capituli
993 1252 1119 1329 ruralis
1136 1249 1405 1346 Linzgouiensrs
1426 1248 1585 1327 inuestiri
1607 1272 1672 1324 cu·

82 1370 147 1448 rit.
198 1369 331 1444 Paucis
354 1367 487 1442 abhinc
506 1367 690 1443 Menfibus
713 1368 882 1464 vigesima
904 1371 1038 1449 scilicet
1062 1383 1192 1470 quarta
1209 1370 1427 1449 Nouembris
1451 1371 1513 1447 die
1534 1368 1670 1449 Vincas

82 1487 224 1590 Circusi
242 1487 407 1563 Rssenani
425 1486 628 1584 Superioris
657 1488 850 1586 Deputatis
878 1491 1088 1569 vormatiae
1112 1490 1338 1587 congregatis
1358 1489 1396 1586 1)
1421 1488 1563 1565 adlatae
1587 1488 1669 1563 sunt

82 1632 198 1693 erae,
225 1609 353 1706 quibus
376 1605 590 1701 fignificaut‚
617 1606 756 1684 Ducem
774 1609 1052 1707 Lotharingium
1077 1636 1134 1688 21.
1166 1614 1203 1689 dr
1230 1636 1286 1708 24.
1310 1609 1395 1709 Julii
1410 1605 1515 1705 elapsi
1538 1606 1669 1683 diebus
1822 1600 1826 1606 ’

82 1730 209 1833 discam
225 1726 267 1805 ὃ*
283 1725 522 1825 Lambergom,
546 1741 656 1825 atque
677 1724 757 1803 duo
771 1730 989 1806 Monasteria
1013 1729 1268 1829 Lynngselden
1293 1732 1332 1810 dr
1360 1726 1581 1823 Wattgassen
1611 1748 1669 1802 ar·

82 1866 134 1929 ita
155 1871 271 1927 manu
285 1860 410 1924 contra
425 1846 569 1944 huperii
585 1848 831 1924 conditiones
845 1849 1064 1946 adgressum,
1086 1849 1237 1926 insuam
1254 1849 1471 1927 Potestatem
1486 1846 1667 1944 redegisse.
1702 1848 1710 1864 ‘

82 1996 161 2050 rum
174 1970 285 2067 igitur
297 1968 415 2067 priora
431 1966 509 2062 jure
531 1967 749 2067 Nuptiarum
771 1988 857 2045 cum
878 1967 1106 2068 Morgentia
1136 1967 1309 2045 erdoaico
1335 1969 1460 2046 Comitr
1481 1970 1521 2046 de
1546 1964 1665 2068 Bitsclr

82 2093 299 2169 umanum
326 2088 373 2162 ad
387 2085 576 2186 Philippum
595 2087 751 2164 Comitem
769 2087 944 2166 Honorias
961 2090 1200 2187 pertinerent,
1239 2088 1432 2187 posteriora
1456 2100 1580 2167 autem
1603 2098 1663 2166 vt·

82 2222 131 2288 ae
145 2210 184 2287 in
200 2208 359 2287 &mitola
374 2205 620 2306 Soroepontono
637 2205 700 2282 fita
713 2207 750 2284 in
768 2206 948 2284 Clienteia
961 2209 1005 2286 D.
1019 2205 1172 2317 joannis
1193 2207 1331 2286 Comitis
1345 2207 1523 2312 Nofflauiac
1536 2207 1677 2296 essent,

82 2355 215 2430 rosque
226 2329 392 2419 Comites
407 2330 485 2402 suas
502 2327 549 2401 ad
569 2325 704 2403 Circusi
720 2329 830 2405 statos
845 2328 1007 2406 detulisse
1020 2329 1204 2431 querelas,
1229 2340 1397 2428 petentes
1416 2341 1456 2408 vt
1472 2325 1665 2406 Lotharin·

82 2476 119 2529 rs
139 2452 187 2528 sd
198 2449 460 2526 restitutionem
475 2445 766 2543 compelleretur,
797 2471 911 2549 quum
930 2448 1040 2546 igitur
1062 2449 1154 2525 haec
1174 2472 1233 2525 res
1259 2451 1372 2526 totius
1401 2450 1543 2548 Imperii
1567 2446 1656 2527 salu·

82 2598 129 2663 n,
152 2567 451 2651 constitutionum
466 2565 707 2652 sanititatem,
738 2567 987 2666 publicamque
1002 2570 1229 2645 securitatem
1255 2593 1363 2666 quam
1387 2571 1549 2646 maxime
1577 2592 1667 2644 cono

82 2704 218 2774 neret,
248 2712 372 2785 rogare
396 2688 447 2770 se,
474 2698 515 2764 vt
541 2686 651 2763 ceteri
677 2708 821 2786 quoque
846 2689 957 2765 status
983 2687 1116 2784 juustis
1139 2688 1258 2766 secum
1284 2689 1448 2788 precibus
1468 2686 1663 2764 Caesareae

82 2812 237 2914 &estatis
251 2831 357 2906 opem
373 2808 618 2905 auxiliumque
631 2806 873 2903 implorarent.
922 2809 1004 2894 Qua
1018 2809 1186 2884 decausa
1203 2809 1345 2884 Marcus
1365 2806 1504 2885 Sirticas
1519 2808 1556 2882 S.
1568 2808 1610 2878 R.
1620 2805 1663 2880 Ε.

82 2931 246 3012 rdinaiis
275 2928 471 3028 Episcopus
495 2925 792 3033 Constantiensrs.
826 2926 866 3007 dr
886 2925 1073 3004 Lernam
1098 2923 1361 3025 Witmlergae
1380 2927 1486 3018 Dux,
1528 2923 1665 3003 Circuli

82 3053 188 3134 errici
211 3050 414 3128 Diretiores
440 3049 538 3127 datis
565 3070 661 3124 anno
688 3069 791 3146 1573.
828 3073 882 3125 ro.
907 3045 1069 3146 Januarii
1098 3044 1346 3122 litterissiatus
1378 3049 1425 3123 ad
1452 3045 1553 3123 diem
1589 3045 1664 3121 Do·

82 3175 210 3252 nicam
238 3171 410 3247 snmcoait
439 3183 471 3253 8.
496 3167 678 3246 Februarii
704 3181 970 3255 conuocarunt,
1000 3167 1132 3244 statuta
1154 3165 1316 3267 sequenti
1341 3170 1389 3247 ad
1415 3165 1658 3246 Deliberatio-

82 3320 122 3391 φ
148 3292 395 3390 incipiendam
425 3291 485 3367 die
505 3297 573 3387 m).
1319 3293 1322 3300 '

129 3532 305 3632 Reliqua,
330 3529 417 3606 ficut
443 3531 481 3609 dr
506 3528 627 3616 omni,
654 3539 693 3608 vt
715 3527 792 3624 jam
822 3525 1032 3615 innuimus,
1072 3510 1275 3622 Regiminis
1305 3524 1358 3604 sui
1381 3534 1544 3626 tempore
1575 3548 1663 3607 cum

82 3655 160 3742 ilo,
187 3651 299 3730 Fame
326 3652 365 3731 dr
387 3650 488 3729 Peste
515 3648 683 3735 sudauit,
716 3649 875 3749 Joanoes
899 3642 1022 3726 Abbas
1047 3658 1089 3726 vt
1110 3648 1203 3739 adeo
1228 3645 1267 3724 in
1295 3646 1500 3725 Monasterii
1527 3646 1663 3726 utilita-

82 3803 112 3855 n
139 3784 207 3850 aut
232 3774 402 3849 decorem
431 3771 551 3845 facere
583 3783 648 3847 aut
674 3791 821 3866 parum.
861 3778 926 3842 aut
950 3764 1042 3842 nihil
1069 3765 1199 3863 potuit.
1265 3764 1361 3843 Fieri
1388 3766 1537 3866 quidem
1563 3789 1662 3845 anno

82 3920 147 3997 72.
176 3918 209 3969 2.
234 3890 385 3988 Augusti
409 3913 473 3988 per
501 3887 713 3971 Valentinum
744 3881 948 3986 Wysmopr
972 3884 1187 3963 aurifabrum
1207 3882 1458 3986 Sarcopsmgum
1473 3901 1677 3987 argenteas-

112 4013 311 4092 seruandas
344 4012 542 4090 santtorum
574 4008 744 4108 reliquias
778 4005 1025 4085 Marchdorffii
1051 4002 1210 4093 curauit,
1251 4005 1314 4104 qui
1335 4004 1537 4084 hodiedum
1566 4007 1664 4085 inter

82 4151 158 4216 tera
186 4134 227 4210 S.
254 4128 493 4231 Supessostilis
515 4140 730 4206 ornamenta
751 4125 907 4235 visitur,
928 4137 1038 4224 atque
1061 4122 1174 4201 etiam
1195 4136 1337 4222 praeter
1355 4125 1546 4203 Abbau'ase
1564 4126 1663 4205 Con·

82 4279 140 4335 rue
172 4251 359 4350 Capellam
392 4251 433 4326 in
461 4248 726 4334 Nessenrebcn,
771 4270 867 4347 quae
890 4268 988 4322 anno
1014 4266 1120 4345 1575.
1142 4242 1181 4329 in
1203 4241 1381 4322 bonorem
1405 4244 1471 4323 SS.
1499 4246 1663 4326 Weude·

85 4377 121 4462 s,
165 4370 327 4449 Cooradi
354 4368 520 4468 Episcopi
553 4371 593 4448 dr
623 4367 769 4450 Vrsrdae
796 4365 966 4445 dedicata
998 4364 1067 4449 est,
1105 4364 1328 4462 domumque
1365 4363 1494 4446 villico
1522 4367 1661 4448 ibidem
1720 4430 1724 4435 .

82 4492 266 4582 disicauit,
318 4515 364 4567 eo
395 4490 494 4590 quod
521 4489 642 4568 iocum
669 4489 778 4569 istum
815 4485 1006 4588 pecoribus
1033 4480 1174 4561 dandis
1204 4480 1376 4587 aptasi'etr
1420 4508 1546 4571 vetum
1571 4488 1663 4588 quid

1563 4606 1662 4687 hacc

82 4730 118 4820 r>
143 4702 227 4805 rm.
244 4748 299 4818 η.
313 4727 373 4818 m.
389 4747 464 4817 27⁹·
547 4728 578 4816 r>
599 4726 678 4808 aa.
692 4722 749 4821 for.
769 4737 845 4818 coa
927 4731 977 4814 o)
997 4720 1150 4817 uam
1167 4722 1242 4833 2⁹⁶·
