3742 5160
119 222 195 303 au
721 206 1160 299 *coemes-
1626 308 1631 322 ,

120 381 292 486 idsprnnin
322 380 598 482 quatuordecim
624 381 740 459 Misia
774 384 940 471 Pedites.
989 383 1028 462 dr
1059 384 1142 480 duo}
1162 381 1278 459 miliia
1305 381 1476 501 Equites,
1515 379 1766 478 achuotidie·

118 505 295 587 nuncium
323 506 370 581 de
396 525 519 602 pugna
539 504 739 583 decretoria
760 504 962 602 exspediari.
1014 506 1151 584 Verum
1177 503 1401 588 timendum,
1433 525 1481 577 ne
1506 522 1600 598 gens
1624 501 1752 576 incon·

119 623 197 702 dita
231 625 313 701 suae
342 626 427 721 suga
457 623 658 701 consultura
681 621 801 712 saluti,
850 626 887 699 in
923 625 1032 702 alium
1069 625 1254 722 regionem
1294 644 1380 699 cum
1417 646 1514 698 nouo
1546 621 1753 698 incolarum

119 745 342 822 detrimento
371 746 559 844 irrumpat.
633 743 849 844 Episcopum
883 743 1100 848 Bostlrrrsem
1129 756 1275 844 propter
1298 744 1421 843 surdus
1449 741 1639 818 misericor
1676 763 1752 817 non

120 863 274 953 habere,
314 866 412 966 quod
443 874 597 944 metuat.

216 1081 406 1161 Trimeiire
431 1079 539 1159 fluxit
567 1081 633 1156 vix
662 1080 863 1176 integmm,
911 1102 1025 1179 quum
1061 1079 1118 1157 Fr.
1146 1077 1310 1180 Georgius
1339 1078 1546 1180 Rufflimnn,
1589 1077 1655 1177 qui
1682 1073 1753 1153 hoc

119 1226 218 1282 anno
242 1229 299 1281 22.
324 1203 486 1302 Januarii
508 1202 720 1288 aduenerat,
746 1201 790 1276 ab
815 1201 959 1278 Abbate
975 1201 1037 1278 suo
1055 1198 1216 1277 Domum
1237 1210 1488 1288 reuocaretur,
1514 1198 1575 1276 his
1595 1200 1754 1278 aGeor·

119 1325 181 1422 gio
217 1324 336 1401 nostro
370 1323 517 1401 Litteris
546 1318 732 1403 dimissus.
778 1321 994 1399 Reuerende
1023 1323 1061 1398 in
1084 1318 1225 1397 Christo
1248 1304 1355 1397 Pater¹
1378 1344 1422 1397 ac
1448 1319 1636 1399 Dominet
1680 1319 1755 1396 Re·

58 1502 64 1521 s
119 1444 303 1523 mittimus
323 1446 369 1522 ad
382 1444 644 1522 Paternitatem
665 1452 787 1530 nram,
812 1453 854 1519 ut
871 1441 1023 1541 petiuit,
1048 1441 1087 1516 F.
1107 1441 1306 1539 Georgium
1315 1438 1572 1526 =Rueffe1man,
1598 1440 1756 1537 dignum

121 1564 206 1642 sane
228 1565 548 1642 commendatione
571 1564 706 1653 nostra,
731 1563 794 1664 qui
816 1575 895 1640 toto
910 1572 1095 1664 tempore,
1120 1585 1194 1662 quo
1218 1562 1409 1640 nobiscum
1427 1573 1678 1638 commoratus
1691 1560 1754 1649 est,

120 1680 385 1783 inculpabiliter
407 1685 519 1771 vixit,
554 1683 593 1762 dt
611 1682 762 1783 religiosi
789 1683 952 1762 hominis
978 1683 1140 1761 officium
1166 1682 1350 1781 praestitit.
1415 1682 1568 1762 Vtinam
1589 1706 1680 1761 vero
1701 1680 1756 1761 vi·

119 1806 208 1882 dere
232 1805 328 1903 apud
359 1827 446 1891 nos,
473 1802 675 1885 &haurire
697 1803 870 1883 etiamid
893 1804 1077 1904 potuiffet,
1110 1802 1214 1900 cujus
1233 1803 1349 1900 gratia
1379 1803 1452 1878 huc
1478 1805 1525 1879 ad
1556 1827 1626 1880 nos
1649 1803 1755 1881 desti·

122 1928 234 2009 nattis
258 1926 338 2001 suit
387 1925 652 2037 impedimenta
683 1936 809 2004 tamen
834 1927 872 2006 dr
890 1937 1000 2004 antea
1020 1923 1301 2025 perscripdmus.
1331 1927 1369 2004 ds
1389 1923 1461 2023 ipse
1487 1921 1528 2000 F.
1546 1922 1753 2002 Russelman

119 2072 166 2125 ea
194 2048 325 2124 reserre
347 2046 492 2145 poterit
543 2046 654 2126 Porro
679 2069 752 2125 nun
771 2046 840 2132 est
875 2047 1128 2151 quodgratias
1152 2045 1268 2142 agatis
1296 2068 1359 2143 pro
1386 2045 1503 2121 nostra
1524 2044 1564 2125 in
1593 2047 1754 2124 eundem

118 2167 269 2246 tranem
297 2163 504 2244 Russesman
534 2166 734 2246 Charitate.
797 2170 900 2248 Nam
923 2169 1022 2269 quod
1047 2168 1265 2255 debuimus,
1302 2166 1481 2250 fecimuss
1522 2169 1561 2247 dt
1596 2166 1620 2240 si
1648 2166 1754 2266 quud

119 2287 335 2366 sufficienter
355 2287 489 2367 fastum
519 2288 687 2378 nonest,
720 2289 982 2389 impersedioni
1012 2289 1153 2367 nostrae
1187 2288 1225 2366 id
1254 2287 1544 2373 adscribendum,
1578 2310 1654 2363 non
1678 2310 1754 2363 rna·

118 2407 177 2493 lae
198 2406 395 2496 voluntati,
419 2432 531 2508 quam
557 2407 762 2488 testamur
751 2433 790 2486 m
818 2434 947 2487 omnes
974 2409 1137 2511 quolibet
1162 2408 1342 2497 modoad
1370 2406 1591 2484 Paterniatis
1620 2407 1753 2487 vestrae

118 2526 378 2611 Monasterium
408 2528 632 2627 pertinentes
652 2530 906 2628 paratissimam
927 2530 1013 2616 eise,
1040 2533 1078 2612 dt
1098 2532 1236 2627 semper
1255 2527 1424 2607 futuram.
1473 2522 1637 2604 Resundi
1658 2540 1752 2604 certe

122 2648 216 2733 nihil
243 2649 370 2734 debet,
395 2648 494 2746 quod
519 2647 639 2723 nullae
663 2672 725 2747 pro
750 2649 873 2727 Fratre
892 2649 1098 2728 Russelman
1126 2649 1315 2748 Expensae
1336 2648 1449 2727 saitae
1470 2648 1569 2734 sunt,
1594 2650 1632 2727 dt
1655 2648 1753 2749 quod

120 2769 228 2858 nostri
250 2770 346 2870 apud
375 2791 440 2847 vos
465 2769 538 2845 duo
565 2766 709 2847 Fratres
734 2772 884 2868 duplum
905 2770 1104 2870 accipiant,
1137 2781 1315 2871 quantum
1344 2768 1407 2847 vni
1440 2767 1555 2847 vestro
1577 2792 1650 2844 nos
1685 2769 1753 2845 iar·

9 2917 40 2945 -·
119 2891 187 2991 giti
212 2891 346 2973 sumus,
410 2887 518 2967 Hisce
548 2891 684 2979 valeat,
710 2906 818 2990 atque
848 2915 920 2970 vna
946 2914 1093 2968 mecum
1118 2903 1284 2990 coeptam
1309 2888 1404 2968 inter
1432 2911 1503 2966 nos
1535 2886 1751 2970 Amicitiam

118 3013 359 3117 prosequatur.
409 3007 469 3089 Ex
489 3009 707 3092 Monasterio
732 3010 996 3111 Weingartensr
1020 3036 1053 3111 p.
1075 3011 1167 3112 Maji
1183 3039 1211 3090 -ι
1218 3033 1303 3110 595.

215 3225 297 3303 Post
324 3224 525 3316 Bimestre,
561 3228 731 3307 trimestri
754 3230 913 3319 scilicet,
949 3218 1223 3310 trtcondisium
1252 3237 1356 3316 erat,
1396 3224 1541 3327 elepso,
1581 3224 1623 3305 dr
1647 3224 1752 3304 nostri

120 3368 266 3445 quoque
295 3348 414 3423 redire
439 3345 538 3441 jusi,
565 3348 611 3421 ad
634 3347 747 3424 Lares
771 3350 932 3450 proprios
960 3361 1187 3434 remearunt,
1225 3372 1318 3449 quos
1341 3350 1467 3429 Abbas
1488 3345 1528 3428 S.
1557 3346 1671 3427 Biorr'
1696 3346 1752 3423 hir

119 3464 250 3548 litteris
276 3464 539 3547 comitabatur:
565 3466 913 3567 Saluiseuerende
933 3471 971 3546 iu
989 3469 1132 3547 Christo
1151 3470 1275 3556 Pater,
1303 3494 1346 3548 ac
1367 3467 1535 3547 Domine.
1566 3471 1659 3546 ·Pro
1684 3468 1759 3546 Vo·'

119 3583 261 3670 luntate
292 3584 526 3664 Paternitatis
560 3596 646 3663 tuae
680 3590 903 3668 remittimus
937 3574 1130 3667 reuocatos
1158 3614 1180 3666 a
1209 3591 1313 3669 vobis
1343 3593 1437 3668 duos
1469 3590 1626 3665 Patres:
1664 3606 1752 3690 quor

120 3706 274 3787 saneob
303 3703 515 3802 sngdarem
545 3706 643 3789 vitae
673 3711 922 3806 gravitatem,
961 3731 1135 3787 necnon
1169 3712 1316 3789 Morum
1353 3708 1607 3798 honestatem,
1646 3728 1751 3809 quam

13 3926 16 3931 Ι
121 3829 209 3913 dum
234 3826 295 3939 hiq
316 3829 419 3912 sunt.
446 3825 649 3905 constanter
668 3852 753 3924 prae
777 3831 812 3905 se
838 3830 1017 3916 tulerunt,
1045 3830 1122 3926 (vti
1146 3856 1215 3908 nos
1236 3815 1299 3930 ipsi
1322 3831 1407 3909 satis
1432 3828 1592 3929 experti,
1623 3828 1750 3907 noster·

41 3952 50 3989 ¹
125 3971 196 4047 que
220 3947 322 4027 Prior
349 3946 449 4027 idern
482 3971 567 4028 cum
597 3947 767 4026 omnibus
797 3949 963 4027 Fatribus
994 3949 1127 4026 fauste
1144 3951 1355 4049 testantur)
1385 3947 1527 4026 diustius
1562 3929 1749 4027 nobiscum

123 4067 339 4158 commorari
366 4066 478 4165 posse,
505 4066 733 4164 optassemus.
791 4070 866 4147 Sed
892 4070 978 4170 qnia
1000 4069 1092 4146 sorte
1118 4070 1333 4147 s'atemitati
1355 4082 1441 4147 tuae
1465 4067 1654 4168 vestroque
1675 4068 1750 4145 Mo·

121 4188 275 4273 uaiierio
295 4185 478 4266 necessarii
500 4186 562 4284 ipsi
582 4188 680 4278 sunt,
704 4188 919 4289 illorumque
937 4212 1047 4286 opera
1064 4187 1255 4287 indigetis,
1273 4215 1357 4280 eos,
1390 4203 1430 4268 vt
1449 4213 1515 4288 par
1532 4203 1633 4276 erat,
1665 4189 1750 4266 haut

122 4317 272 4410 manate
293 4299 515 4386 dimissimus.
566 4308 720 4393 Quodsi
746 4310 819 4401 illi,
843 4322 883 4390 vt
906 4308 1099 4423 optassent,
1135 4313 1307 4402 anobis,
1341 4308 1541 4410 nostrisque
1569 4309 1754 4387 Fratribus

124 4437 299 4526 paterne,
319 4402 550 4527 fraterneque
570 4428 712 4512 nudati
733 4431 832 4521 sunt,
856 4410 1087 4531 gaudemuas
1121 4429 1173 4509 fin
1190 4431 1314 4512 miuus
1340 4429 1412 4509 loci
1435 4427 1616 4537 asperitati
1642 4426 1712 4511 dr
1699 4448 1748 4504 ιιι·

123 4544 377 4669 commoditati
404 4536 631 4681 tribuantrjh

1597 4707 1746 4811 operam
