3742 5160
715 257 1136 349 *memo*
1508 207 1512 212 ’
1667 268 1738 355 ao

115 430 180 510 siae
208 430 399 510 canonice
421 434 639 532 praesesium
669 457 713 511 ac
742 457 867 515 verum
903 438 940 513 dr
972 433 1218 513 indubitatum
1245 433 1458 532 Episcopum
1490 436 1742 515 Constantian-

115 553 184 630 stm
212 552 302 642 esse,
344 555 545 654 festamque
574 579 639 652 per
663 578 733 631 nos
761 551 999 649 prouifionem
1022 555 1239 653 praedittam
1275 557 1323 630 de
1354 557 1501 652 persona
1531 558 1590 632 sua
1625 559 1743 636 ditias

115 672 393 752 constantiensis
414 669 595 750 Ecclesiae
625 685 666 752 vt
688 673 888 773 praefertur
919 675 1075 754 validam
1101 678 1138 754 dr
1166 675 1350 752 efficacem
1376 675 1471 760 sore,
1492 674 1549 754 'dc
1575 677 1741 756 effessum

117 793 228 871 sortiri
261 790 431 891 potuisse,
481 799 518 873 dr
547 794 721 882 debuisse,
764 794 922 890 acposle
951 794 1160 882 dedebam,
1198 797 1246 870 de
1268 800 1467 873 eorundem
1494 793 1645 872 fratrum
1675 823 1741 872 nn·

117 913 263 991 litorum
283 910 428 988 consilio
455 913 493 990 dr
511 914 663 998 assensn,
703 937 746 989 ac
771 934 819 986 ex
844 925 943 989 certa
967 914 1084 992 nostra
1108 913 1274 1002 scientia,
1299 916 1510 995 austeritate
1532 916 1740 1015 Apostolica

117 1031 318 1135 patentium
344 1043 471 1110 tenore
496 1032 728 1112 decernimus
749 1030 883 1132 pariter
908 1037 947 1114 ἀ
979 1036 1217 1114 declaramus.

207 1269 352 1367 Proque
389 1271 541 1348 cautiori
571 1272 713 1350 cautela
747 1273 795 1349 de
831 1273 979 1372 persona
1007 1273 1094 1352 disti
1127 1272 1280 1348 madet
1307 1271 1427 1350 eidem
1458 1270 1741 1351 constantiensis

120 1388 292 1469 Ecclefiae
319 1389 462 1465 consilio
491 1394 528 1470 dr
556 1392 689 1470 assensu
719 1391 910 1491 praedistis
937 1395 984 1469 de
1009 1417 1107 1470 nouo
1132 1391 1384 1492 procidamus,
1424 1415 1467 1467 ac
1490 1393 1607 1489 ipsum
1631 1395 1740 1469 Ludo·

120 1517 213 1585 or'creo
238 1523 412 1608 tanquam
441 1513 558 1606 magis
583 1512 758 1589 idoneum
780 1512 901 1588 eidem
927 1509 1107 1588 Ecclesiae
1130 1509 1372 1609 praefecimus
1396 1512 1434 1587 in
1462 1512 1678 1610 Episcopum
1701 1512 1741 1590 dc

122 1628 313 1716 Pastorem,
346 1653 471 1706 curam
488 1635 525 1708 dc
540 1629 887 1707 administrationem
901 1629 1009 1726 ipsius
1022 1631 1202 1708 Ecclesiae
1218 1628 1498 1706 Constantienfis
1523 1630 1585 1710 srbi
1606 1631 1644 1706 in
1668 1630 1739 1705 eis·

122 1751 196 1827 dem
217 1748 461 1850 spiritualibus
487 1753 524 1827 dr
548 1750 805 1848 temporalibus
825 1750 985 1847 plenarie
997 1750 1273 1849 committendo.
1322 1751 1372 1826 Et
1385 1748 1623 1828 nihilominus
1638 1773 1739 1846 prae·

121 1870 227 1949 saturn
256 1870 431 1947 Ottonem
460 1868 644 1945 Comitem
672 1871 710 1947 dr
730 1869 937 1968 Capitulum
963 1891 1034 1944 nec
1060 1894 1133 1947 non
1162 1868 1309 1946 Clerum
1336 1872 1374 1949 sc
1400 1871 1573 1967 populum
1600 1870 1739 1949 Ciuita-

123 1991 162 2068 tis
186 1987 471 2068 constantiense
495 2010 538 2063 ac
563 1987 757 2083 fingnlares
782 1989 950 2088 personas
979 1987 1157 2067 Ecclesiae
1180 1986 1362 2065 Dioecefis
1391 1989 1429 2066 &
1453 1989 1574 2088 populi
1598 1992 1738 2086 praedi·

125 2112 250 2190 storum
273 2131 472 2208 eorumque
495 2107 691 2207 complices
717 2108 756 2185 dc
786 2107 1047 2201 adhaerentes,
1079 2133 1123 2185 ac
1148 2107 1297 2188 Vasasst'
1322 2110 1360 2188 dc
1395 2106 1545 2184 colonos
1576 2111 1614 2188 dr
1639 2109 1740 2186 labo·

122 2244 250 2309 ratores
271 2228 484 2305 fructuarios
523 2225 597 2301 line
626 2227 878 2304 arrendatores
907 2249 1061 2326 qnorum
1087 2229 1253 2307 omnium
1282 2228 1433 2306 nomina
1461 2227 1739 2324 &cognomina

123 2374 155 2428 ac
179 2352 205 2429 sr
229 2348 430 2449 specialiter
453 2345 740 2444 exprimerentur
768 2346 830 2424 hic
851 2371 917 2447 pro
940 2348 1106 2447 expreffis
1130 2346 1257 2425 haberi
1281 2347 1370 2426 &in
1398 2348 1603 2447 patentium
1624 2350 1738 2448 publi·

123 2473 256 2550 catione
278 2467 431 2566 exprimi
453 2466 548 2566 posse
566 2466 744 2565 volumus.
794 2465 845 2543 Et
867 2468 975 2545 alicui
998 2491 1124 2583 eorum
1152 2468 1191 2544 in
1220 2467 1412 2566 praemissis
1435 2467 1618 2546 confilium
1636 2468 1734 2546 auxi·

121 2589 199 2671 lum
230 2590 289 2672 vel
315 2588 478 2664 sauorem
506 2586 640 2667 diretie
663 2589 720 2668 vel
746 2587 920 2668 indirette
948 2589 1090 2688 publice
1122 2588 1179 2668 v'el
1215 2589 1357 2667 occulte
1384 2588 1609 2689 qualiterque
1637 2612 1738 2686 prae·

121 2710 246 2790 lantes
286 2710 587 2805 &quoscunque
619 2706 710 2783 alios
741 2707 991 2808 cujuscunque
1025 2708 1137 2785 slatus
1166 2711 1301 2802 gradus
1324 2708 1382 2787 vel
1415 2707 1636 2784 conditionis
1667 2706 1738 2785 srue

120 2832 249 2910 ordinis
264 2822 418 2915 suerint,
449 2850 491 2901 ac
506 2848 721 2926 quacunque
742 2829 1028 2925 praeeminentia
1050 2825 1280 2902 ecclesnstica
1300 2827 1358 2903 vel
1374 2830 1577 2915 mundana,
1600 2827 1738 2906 etiamsi

120 2947 439 3047 Archiepiscopali,
464 2945 681 3043 Episcopali,
707 2946 837 3022 Ducali
878 2989 927 3004 -
973 2956 1037 3024 ant
1068 2944 1240 3026 eomitatl
1270 2946 1331 3022 seu
1362 2948 1492 3045 quaeis
1528 2946 1600 3022 alia
1635 2968 1739 3045 prae·

119 3074 274 3172 fulgeant
310 3067 506 3162 dignitate,
565 3064 617 3139 ‘ad
652 3088 807 3164 quorum
850 3064 1031 3145 notitiam.
1060 3077 1229 3164 patentes
1270 3065 1408 3142 nostrae
1441 3067 1586 3142 litterae
1613 3089 1739 3162 perue-

118 3197 256 3279 nerint,
299 3187 513 3265 austeritate
543 3182 749 3281 Apostolica
781 3210 828 3262 ex
854 3198 958 3264 certa
990 3186 1107 3263 nostra
1136 3186 1283 3261 scientia
1309 3188 1507 3265 &cundem
1534 3186 1758 3282 patentium

117 3326 237 3392 cuore
262 3290 473 3393 monemus,
513 3307 549 3383 ἀ
577 3303 632 3379 eis
666 3306 905 3391 mandamus,
938 3317 1118 3404 quatenus
1144 3306 1206 3381 sub
1233 3304 1648 3395 excommunicationis,
1684 3307 1739 3385 su·

119 3430 328 3536 pensionis,
360 3428 397 3505 &
420 3423 621 3510 interdisti‚
653 3448 722 3503 nec
751 3449 826 3500 non
852 3423 1017 3502 omnium
1043 3425 1082 3504 dr
1110 3426 1326 3523 singulorum
1350 3425 1589 3522 dignitatum,
1619 3426 1739 3502 Perso-

116 3568 265 3634 artuum
290 3555 328 3628 dr
353 3543 702 3624 administrationum
724 3548 762 3624 dr
789 3543 988 3621 officiorum
1010 3544 1236 3646 aliorumque
1254 3545 1512 3623 beneficiorum
1536 3542 1738 3621 ecclesiastl·

119 3698 240 3753 eornm
267 3667 530 3770 quorumlibet,
564 3664 756 3743 feudorum
788 3687 933 3763 quoque
962 3664 1001 3741 dr
1029 3664 1182 3741 allorum
1208 3666 1363 3762 jurium,
1400 3689 1493 3765 quae
1524 3688 1545 3739 a
1573 3666 1741 3740 Romana

65 3811 69 3820 ’
119 3791 354 3895 &praediita
376 3782 637 3862 constantiensi
668 3807 710 3860 ac
731 3783 814 3860 aliis
837 3783 996 3859 ecclesris
1026 3784 1209 3874 obtinere,
1256 3806 1425 3862 necnon
1454 3783 1673 3879 dignitatum
1700 3782 1738 3857 in

118 3917 242 4015 quibus
270 3906 453 3985 constituti
476 3904 589 3982 forsan
611 3901 825 3991 exilientes,
870 3900 1085 4003 priuationis
1116 3903 1154 3981 dr
1183 3906 1231 3980 ad
1256 3903 1317 3978 illa
1346 3906 1383 3982 δι
1410 3904 1479 3980 alia
1508 3902 1740 4000 imposterum
1802 3982 1805 3987 ,

120 4032 312 4115 currenda
337 4069 385 4083 -
416 4046 459 4100 ac
485 4023 740 4105 testamentum
767 4026 803 4102 ἀ
827 4044 1071 4122 quoscunque
1094 4024 1184 4098 alios
1206 4024 1306 4098 astus
1325 4020 1509 4117 legitimos
1535 4019 1739 4106 iaciendos,

121 4120 440 4232 iubebilltationis,
474 4144 621 4241 poenis,
668 4162 759 4240 quas
786 4165 851 4219 eos
885 4144 922 4220 dr
951 4166 1076 4218 eorum
1101 4140 1301 4241 quemlibet
1321 4143 1457 4240 absque
1489 4138 1560 4215 alia
1580 4138 1741 4215 declara·

119 4270 214 4350 tione
245 4267 271 4344 fi
307 4278 433 4345 contra
462 4263 635 4348 iecerint,
688 4260 815 4338 ordine
846 4284 919 4360 quo
949 4260 1045 4339 insra
1074 4258 1256 4338 inccursre
1288 4259 1456 4338 volumus
1485 4281 1530 4334 eo
1564 4248 1655 4357 ipso,
1702 4258 1743 4338 ἅ

121 4412 205 4489 quas
229 4410 279 4464 err
305 4406 404 4463 nunc
430 4368 537 4482 prout
564 4394 720 4469 extunc,
758 4379 797 4456 in
820 4403 950 4459 omnes
982 4381 1019 4460 dr
1046 4378 1200 4476 sngulos
1225 4380 1440 4479 supradittos
1462 4377 1525 4477 qui
1560 4377 1741 4456 contrafe-

122 4512 232 4588 cerint
255 4507 406 4584 serimus
428 4506 466 4578 in
491 4502 550 4579 his
573 4500 729 4599 scriptis,
763 4512 804 4578 vt
831 4498 926 4577 infra
948 4499 1008 4575 sex
1040 4500 1138 4585 dies,
1180 4499 1366 4599 postquam
1399 4507 1567 4598 patentes
1599 4497 1742 4575 litterae

123 4632 165 4711 sd
184 4649 314 4709 eorum
343 4623 515 4702 notitiam
543 4619 795 4721 peruenerint,
839 4642 993 4722 quorum
1021 4622 1081 4697 sex
1114 4619 1257 4698 dierum
1290 4622 1386 4699 duos
1409 4639 1476 4718 pro
1508 4620 1627 4721 primo
1648 4621 1742 4696 duos

963 4737 1076 4838 aaa
1677 4758 1760 4857 prob
