3736 5160
89 1330 110 1385 l

230 220 293 307 ‘58
507 242 511 253 ·
850 208 1268 301 ψοαῖςῖᾷῷωψ
1524 274 1528 281 ,

587 342 1086 478 wuauuuuv's
1126 386 1387 474 ,nssuns
1440 388 1526 472 xr.
1684 360 1692 373 “

332 524 455 630 ¹1.Ne
488 550 735 626 Hamonomia
773 545 904 624 consusi
939 548 1191 631 redderemur,
1237 552 1344 621 caute
1374 544 1518 621 monuit
1548 544 1694 645 scriptor
1729 545 1855 625 noster

71 702 86 720 κ
244 680 331 745 eum
360 665 579 758 Werrdrerurm
602 668 665 767 qui
689 669 749 747 sub
775 667 988 745 Diethmaro
1019 667 1212 763 Propositus
1239 666 1327 754 suit,
1352 666 1534 744 Abbatem
1559 662 1705 742 fastam.
1772 666 1858 743 Con

188 790 191 797 ’
244 788 339 867 vixit
366 789 465 866 enim
488 791 581 867 alius
607 790 847 874 Wernherus,
873 789 936 888 qui
961 789 1140 864 eunomus
1166 786 1247 864 fuit.
1300 785 1466 882 stuposrtt'
1489 784 1660 870 nomine,
1693 797 1735 861 vt
1761 787 1856 884 pluri

244 931 347 985 mum
373 909 406 984 is
443 909 629 995 veniebat,
668 932 777 1006 quem
804 909 882 1004 jam
907 908 1048 983 Priorem
1076 932 1270 992 vocamus,
1311 905 1492 1004 proprium
1519 903 1634 981 exstat
1660 904 1699 981 in
1725 907 1860 1003 Regu

243 1028 283 1104 S.
309 1028 347 1103 P.
375 1028 562 1107 Benedifti
590 1029 709 1127 Caput
728 1029 838 1106 LXV.
864 1030 900 1102 dc
924 1028 1106 1127 Praepofito
1167 1028 1234 1104 'Sic
1265 1031 1302 1106 dt
1322 1026 1548 1127 muamus
1572 1025 1611 1101 iu
1640 1024 1785 1102 Decret.
1803 1052 1862 1129 pr

121 1128 129 1139 '
243 1148 330 1225 oro.
354 1146 401 1221 u.
431 1148 620 1227 aeneum
651 1170 680 1223 c.
705 1171 737 1240 3.
752 1149 901 1245 semna,
927 1149 1062 1246 inquit,
1088 1148 1208 1228 Aoum
1233 1157 1267 1223 o
1287 1146 1423 1223 meur
1449 1148 1635 1230 reema,
1670 1147 1788 1237 rae,
1818 1172 1868 1246 p

242 1267 489 1367 &praepostus
511 1277 546 1345 in
569 1275 673 1362 regusar
699 1275 891 1355 nominatur,
927 1263 1127 1347 sunamitin
1153 1273 1193 1372 est
1216 1278 1340 1365 nuper
1366 1268 1513 1368 mirofltr's
1542 1268 1665 1340 Dorus
1718 1275 1779 1355 et,
1811 1270 1865 1368 sps

235 1389 317 1485 [obs
341 1398 504 1464 ceterorum
529 1389 735 1483 tnmssrorum
752 1395 890 1484 primum
911 1389 990 1485 suot
1010 1397 1114 1487 portis
1135 1397 1231 1466 hom
1255 1384 1343 1463 habet
1367 1396 1401 1462 r'n
1426 1381 1542 1472 thoro,
1579 1392 1614 1461 su
1636 1388 1799 1483 capture,
1867 1435 1868 1444 κ

240 1506 405 1603 rhotberto.
462 1509 572 1582 Porro
598 1518 721 1582 autem
742 1505 803 1581 sub
817 1506 1032 1585 Diethmaro
1061 1510 1245 1605 Lustfrrdur
1270 1508 1371 1583 Prior
1390 1518 1487 1593 erat,
1511 1504 1753 1601 Marquardus
1778 1514 1851 1585 Cnu

240 1637 403 1703 morardus.
473 1627 579 1711 Quod
613 1647 699 1720 ergo
730 1638 808 1700 tum
838 1626 874 1701 in
901 1627 1020 1704 Vinea
1052 1628 1220 1725 Praeposui
1245 1625 1407 1703 munus?
1447 1648 1530 1701 reor
1556 1649 1642 1702 eum
1671 1631 1809 1705 Seruus
1830 1630 1867 1707 dt

239 1743 391 1822 Arcturo
412 1742 616 1843 praefuisse:
650 1744 829 1842 &quum
856 1770 901 1821 eo
924 1770 1017 1823 aeuo
1037 1747 1253 1824 Monasteria
1286 1745 1468 1823 officiales
1498 1730 1674 1823 seculares
1701 1750 1865 1828 noudum

1 1847 3 1854 ¹
140 1946 151 1957 ,
240 1863 397 1951 alerent,
436 1862 597 1959 juribus,
638 1851 901 1952 contrahibus,
942 1878 1050 1966 atque
1078 1867 1300 1943 subditorum
1334 1864 1458 1941 caushs
1481 1864 1687 1943 Monachus
1714 1860 1863 1967 quidm

214 2070 218 2084 ι
239 1983 518 2084 praeficiebatur.
568 1981 685 2057 Hanc
699 1981 799 2059 enim
815 1983 967 2082 spartam
990 1987 1035 2063 ab
1056 1985 1248 2075 Asuccuris,
1272 1985 1333 2062 seu
1354 1985 1570 2084 Deforsnibas
1591 1986 1639 2061 ad
1660 1987 1859 2087 Monncbos

227 2105 450 2203 ¹deuolutam
481 2101 550 2178 esse
578 2103 674 2180 reste
704 2103 863 2180 aduertit
888 2107 940 2182 du
963 2104 1099 2184 Fresne
1124 2109 1166 2185 V.
1190 2104 1402 2204 Pratposdrm
1438 2110 1476 2185 dt
1498 2129 1584 2182 vero
1608 2105 1681 2181 hoc
1703 2106 1861 2186 offidun

238 2223 367 2320 gessisse
399 2217 599 2298 Wemlrerum
634 2221 717 2296 satis
738 2222 859 2299 elucet
883 2248 930 2299 ex
953 2226 1080 2306 Verbis
1107 2225 1244 2302 ibidem
1265 2226 1421 2302 additis:
1465 2226 1532 2301 Res
1561 2233 1657 2300 tocius
1691 2230 1864 2324 muster&

116 2358 120 2365 ·
237 2355 327 2420 notos
351 2339 486 2415 habebnt.
537 2342 640 2424 Quae
661 2339 809 2436 quidem
834 2346 943 2419 verba
965 2345 1155 2439 ingentem
1180 2344 1274 2421 mihi
1300 2346 1531 2442 suspicionem
1554 2344 1743 2441 injiciunt,
1765 2348 1865 2427 huuc

236 2463 351 2561 ipsum
381 2452 581 2535 Wrnlrerum
607 2457 804 2536 Austorem
834 2461 902 2534 esse
934 2458 1072 2538 esrom
1093 2466 1129 2537 da
1157 2461 1291 2555 Gortsir,
1314 2465 1376 2539 sub
1399 2466 1549 2541 nomine
1570 2462 1730 2561 Ammaous
1758 2466 1863 2547 We*

119 2570 122 2575 ’
232 2580 383 2681 gatrufis
405 2578 569 2655 Eruditis
594 2579 765 2655 omuibus
791 2578 980 2669 notiffimi,
1013 2581 1051 2661 st
1073 2581 1111 2657 iu
1136 2583 1240 2678 cujus
1269 2585 1627 2662 commendationem
1646 2582 1861 2684 singularem

234 2690 526 2795 Dissertatiouem
565 2698 693 2794 scripsit
719 2697 972 2776 celeberrimus
1000 2700 1203 2777 KoehIerus
1237 2701 1417 2780 Thesauro
1439 2703 1597 2780 Sueuico
1619 2728 1644 2781 a
1666 2706 1860 2804 Wegesiuo

234 2820 384 2901 inlatam
412 2818 544 2894 votlt.
576 2818 711 2893 Dissert.
733 2818 791 2895 IX.
840 2819 999 2916 Tempus
1024 2820 1123 2896 euim
1152 2821 1318 2900 Austoris
1344 2826 1523 2918 degente
1550 2824 1703 2903 Welhca
1725 2828 1857 2905 inmor-

234 2942 356 3018 taliter
382 2938 522 3027 meriti,
548 2937 753 3017 Wembero
774 2940 899 3016 exuste
925 2939 1101 3034 congruit
1169 2937 1336 3018 curmae
1360 2943 1458 3018 euim
1488 2943 1729 3042 superatorum,
1762 2949 1855 3049 quod

234 3056 550 3161 ajusio'caesare
576 3079 689 3155 usque
713 3059 761 3132 ad
782 3068 938 3135 mortem
960 3054 1122 3133 Heinrici
1141 3059 1198 3137 vt
1229 3060 1290 3137 seu
1317 3064 1363 3137 ad
1389 3084 1526 3139 anuum
1560 3086 1665 3163 1197.
1689 3068 1855 3163 produci·

232 3192 311 3267 tur,
336 3184 463 3255 alterius
489 3175 791 3276 manuscriptum
819 3176 879 3254 est.
930 3175 1022 3253 Illud
1045 3188 1165 3255 autem
1184 3198 1316 3277 patratu
1338 3180 1516 3259 Historiae
1545 3184 1593 3259 de
1622 3184 1766 3263 Gueifis
1795 3188 1854 3265 iis·

234 3301 320 3377 dem
351 3296 625 3374 Charaderibus
651 3295 851 3374 inmediate
881 3296 1180 3373 subnexumfinit
1208 3298 1246 3373 in
1268 3300 1380 3377 Auno
1408 3316 1511 3398 ¹¹84
1572 3300 1700 3381 Exstat
1726 3308 1854 3391 etiam·

232 3444 321 3496 num
344 3402 459 3494 codex
483 3419 738 3493 membraneus
755 3416 801 3490 -in
817 3415 903 3491 folio
917 3419 973 3508 (vt
991 3424 1141 3512 vocant)
1159 3419 1269 3514 regali
1291 3420 1504 3515 paginarum
1527 3446 1611 3520 340.
1663 3422 1781 3504 Flauii
1796 3433 1855 3529 Jo-

230 3538 329 3635 sephi
351 3537 625 3632 Antiquitatum
653 3533 877 3628 judaicarum
900 3535 1028 3611 Libros
1051 3535 1142 3611 XIII.
1169 3538 1398 3623 continere.-
1426 3541 1464 3616 in
1490 3539 1594 3636 cujus
1618 3542 1741 3623 boote
1762 3549 1855 3646 pista

119 3752 127 3765 Ι
190 3691 193 3697 ·
231 3656 421 3734 exhibetur
442 3656 565 3749 Imago
590 3652 628 3726 iu
657 3652 749 3727 duas
776 3653 888 3728 diuisa
915 3666 1057 3750 partes.
1092 3656 1130 3731 iu
1156 3654 1263 3731 Parte
1292 3657 1477 3755 Superiori
1505 3660 1630 3737 sedent
1653 3662 1854 3763 Imperator

234 3776 443 3968 Vesposwsuus,
469 3775 506 3851 bt
531 3766 682 3868 Bisepsus
701 3769 846 3870 Jndbeas
872 3773 942 3850 suis
972 3774 1120 3875 quilibet
1149 3773 1298 3873 stipatus
1319 3778 1515 3858 comitibus
1535 3802 1619 3858 cum
1658 3780 1853 3865 lemmate

226 3897 329 3995 supra
367 3892 502 3993 cripta:
1661 3950 1667 3964 .

443 4071 587 4170 Tempora
621 4069 774 4147 &suurn
799 4082 887 4146 hotot
918 4067 968 4150 bic
994 4090 1055 4172 pro
1076 4077 1163 4150 urdo
1185 4074 1326 4171 sucum.
1692 4154 1698 4164 .

224 4241 264 4318 In
286 4247 385 4338 parm
406 4237 563 4313 inferiori
590 4192 705 4335 pitius
727 4235 886 4311 cernitur
905 4237 944 4313 S.
970 4237 1244 4316 Mommsenio
1276 4232 1440 4319 Wtrtdrere
1466 4241 1506 4322 δι
1521 4239 1633 4323 socio
1650 4242 1849 4349 Monocbo,

73 4404 76 4409 ·
224 4360 288 4461 qui
308 4358 355 4434 Ei
384 4381 407 4434 a
430 4369 532 4453 tergo
554 4354 703 4442 adhstit,
728 4379 812 4433 cum
835 4355 904 4431 hac
924 4354 1173 4452 inscriptiones

435 4524 544 4600 tenue
587 4523 664 4618 prud
695 4517 853 4620 offerimus
890 4522 1048 4597 autburhu
1074 4522 1195 4623 suscipe
1231 4543 1355 4600 uum.
