3736 5160
603 246 612 255 -
738 184 1161 279 roomo*
1717 195 1779 298 ιιι,

96 362 300 451 Mirum,
352 361 450 461 quod
488 381 665 439 coaeuam
702 357 943 439 Fundationis
989 360 1186 438 Historiam
1238 358 1408 437 nullam
1425 354 1601 438 hedenus
1628 367 1766 461 protu·
1857 380 1860 385 ·

135 492 267 570 ierint
285 489 498 568 Ettalenses.
576 489 633 566 Ea
661 489 785 580 enim,
829 489 934 585 cnjus
970 470 1153 587 Excerpta
1192 487 1377 588 praeatus
1412 474 1661 587 Ampliiliruua
1688 488 1768 565 Dc·

137 620 264 698 minus
297 620 423 703 Abbas
464 639 612 695 mecum
647 608 969 702 communicauit,
992 616 1206 694 recentioris
1241 641 1290 695 eu
1329 615 1446 694 multo
1478 613 1627 703 aetatis,
1661 615 1763 717 quod
1854 664 1862 671 -

141 750 201 826 vel
235 772 288 824 ex
306 744 474 829 Dialctio
503 736 643 845 patet,
651 764 794 842 parum
828 743 1007 821 conformi
1034 744 1104 831 illi,
1139 745 1286 845 qualem
1316 743 1540 879 Diplomatu
1555 742 1769 821 Domesticd

133 875 216 972 ejus
253 873 429 972 temporis
468 893 556 971 prae
590 871 655 947 se
664 871 796 950 ferunt
873 871 958 949 Non
1001 875 1145 950 obscure
1186 873 1274 951 inde
1319 852 1526 966 colligitur,¹
1531 846 1772 949 Historiam!

135 1004 365 1082 fundationis
398 1025 488 1080 mox
533 1012 625 1077 nunc
659 999 718 1077 vel
746 996 886 1079 nullam
927 1000 996 1078 elle
1036 999 1293 1101 conscriptam,
1347 998 1406 1080 vel
1445 1022 1560 1098 quum
1604 998 1761 1075 Ladonici

123 1130 191 1229 filit
229 1130 327 1208 inter
364 1128 408 1205 ie
445 1127 566 1219 acrius
605 1126 876 1214 colliderentur,
924 1127 978 1204 ita
1023 1140 1065 1208 vt
1104 1123 1249 1209 Etrbolm
1285 1149 1390 1245 prae
1373 1126 1602 1205 sentillimum
1632 1124 1761 1201 ruinae
1797 1196 1800 1201 .
1846 1184 1856 1191 .

128 1256 336 1359 periculum
376 1254 606 1344 immineret,
655 1253 775 1333 rursus
821 1253 922 1332 fuisse
958 1246 1204 1355 deperditam:
1240 1269 1370 1375 atque
1413 1256 1588 1369 demam
1584 1274 1761 1343 nouam,

129 1386 328 1465 minimum
358 1382 435 1483 post
474 1394 622 1460 centum
664 1405 798 1471 annos,
859 1384 1078 1464 conscribere
1123 1354 1359 1460 Ettliaienses
1391 1348 1529 1461 bonum
1569 1368 1771 1468 duxerint?

130 1515 220 1591 orali
243 1517 424 1592 duntaxat
469 1508 669 1607 traditione
712 1510 878 1595 haustam
926 1515 965 1596 dr
999 1535 1099 1611 curn
1138 1511 1237 1614 vulgi
1283 1509 1491 1597 narratione
1527 1502 1750 1614 permixtam

131 1656 417 1748 corruptamque.
493 1753 497 1759 .

230 2047 267 2120 9.
305 2027 362 2104 De
404 2027 543 2130 reliquo
580 2006 762 2127 ambigere
805 2026 910 2117 licet,
963 2024 1027 2127 qni
1068 2020 1132 2105 libi
1169 2020 1289 2126 magis
1335 2012 1470 2116 exinde
1513 2021 1759 2124 gratulentur,

140 2155 382 2253 Wringnrtruscr
415 2178 462 2243 an
476 2153 697 2258 &limosus
752 2157 791 2235 hi
822 2154 990 2256 quidem,
1012 2153 1205 2257 'Quoniam
1234 2179 1282 2231 ex
1312 2151 1499 2259 abstrdfunc
1536 2154 1623 2250 gnate
1656 2152 1758 2229 Gud-

123 2280 193 2377 fira
225 2283 404 2362 tumulum
438 2284 551 2384 penos
588 2285 683 2384 ipsos
719 2288 846 2365 nntius
890 2283 941 2363 est
974 2284 1147 2384 praeclari
1176 2284 1338 2363 nominis
1368 2290 1519 2360 conus
1551 2288 1756 2365 'nrrcuot

129 2433 329 2511 eorumque
357 2412 614 2491 Monasterium
644 2438 720 2489 non
755 2426 836 2492 tam
871 2411 1097 2492 liberalitatis
1136 2414 1294 2492 Marici
1330 2410 1454 2489 Bucari
1483 2404 1753 2488 nominatillirni

126 2537 278 2636 quidem
317 2538 568 2637 Imperatoria.
619 2564 728 2639 quam
769 2543 1028 2619 memorandae
1068 2540 1142 2633 rei,
1190 2552 1277 2620 ante
1320 2550 1379 2620 tot
1415 2537 1555 2617 saecula
1583 2535 1658 2619 iilic
1690 2555 1755 2634 ge·

117 2664 224 2757 nae,
273 2664 409 2746 saelum
433 2666 485 2747 eli
508 2668 790 2749 monumentum
812 2681 1038 2770 perpetuum.

224 3068 518 3168 Weiugartenses
540 3094 645 3162 vero,
694 3076 792 3174 quod
817 3077 898 3153 Cella
920 3068 1099 3166 urebas,
1146 3095 1264 3174 aqua
1291 3068 1470 3170 AEbrsmfir
1499 3068 1560 3149 seu
1588 3067 1751 3166 Wcingur·
1796 3128 1800 3135 .

122 3196 211 3293 tofis
232 3199 393 3277 Abbatia
417 3200 537 3299 aliquo
562 3201 661 3279 sensu
685 3202 822 3301 coepit,
876 3216 1056 3304 quatenus
1087 3201 1257 3279 monachi
1294 3204 1333 3278 in
1368 3196 1542 3299 Amiirg'oa
1571 3200 1749 3297 degentes

122 3350 207 3406 cum
230 3326 631 3437 Altmnnalierieusrbus
666 3328 757 3407 vniti
782 3332 883 3418 sunt,
934 3343 1044 3430 atque
1069 3330 1155 3410 iude
1184 3331 1314 3409 nollria
1337 3329 1483 3428 infignis
1508 3326 1654 3406 acceffio
1686 3327 1750 3405 ad·

118 3454 257 3563 creuitr
306 3454 383 3552 post
407 3478 517 3555 quarn
541 3465 599 3531 tot
621 3456 770 3535 saeculis
793 3460 931 3537 inculta
953 3459 1086 3556 jacuit,
1113 3459 1240 3555 majori
1264 3459 1371 3555 longe
1392 3459 1577 3559 splendore
1601 3455 1746 3532 reuixe·

116 3581 186 3669 rit,
237 3595 348 3682 atque
371 3583 411 3658 in
433 3582 653 3663 hodiernum
676 3606 791 3684 vsque
815 3586 915 3665 diem
939 3584 1075 3683 insrgne
1099 3586 1246 3663 Ordinis
1275 3586 1503 3664 Beneditiini
1527 3586 1640 3663 decus
1669 3584 1750 3662 seli·

117 3711 211 3787 citer
235 3709 417 3790 subsiliat·
451 3711 513 3788 Est
537 3728 655 3800 certe,
680 3738 745 3792 cur
759 3732 898 3792 ¹orrauea
922 3714 1085 3793 diuinam
1110 3712 1361 3815 praedicemus
1384 3713 1675 3801 Prouidentiam,
1701 3736 1747 3789 eo
1806 3703 1814 3713 ’

116 3839 219 3938 quod
240 3839 395 3920 mirabili
418 3840 559 3939 prorsus
580 3862 700 3919 rernm
724 3845 762 3922 dr
786 3855 988 3919 euentuum
1012 3842 1299 3921 commutatione
1319 3866 1364 3920 eo
1389 3840 1461 3942 ipso
1483 3841 1522 3918 in
1543 3842 1642 3931 loco,
1673 3863 1747 3942 quo

94 3965 293 4063 ¹opinione
316 3943 463 4065 Hetmicc'
488 3966 733 4047 claustralibus
759 3967 939 4047 habitatio
967 3968 1054 4044 esset
1084 3967 1197 4045 nimis
1229 3968 1461 4051 incommoda
1496 3973 1535 4050 dr
1569 3968 1745 4051 difficilis,

115 4105 306 4172 tantorum
338 4095 558 4173 saeculorum
593 4095 697 4174 cursu
725 4094 793 4184 viri
826 4095 961 4195 pietate
1003 4096 1041 4174 dc
1074 4094 1236 4173 doitrina
1259 4097 1425 4177 celebrer
1463 4094 1531 4173 situ
1560 4096 1621 4173 sun
1659 4119 1746 4173 con·

113 4225 213 4301 tenti
243 4226 346 4302 sedes
381 4225 463 4301 suas
492 4223 655 4302 abſtrudi
693 4237 853 4304 acuent
888 4221 1081 4301 hominnm
1115 4223 1282 4303 fixerunt
1357 4226 1445 4305 Non
1482 4224 1620 4324 polium
1651 4222 1746 4304 mihi

112 4364 338 4452 temperare,
386 4353 473 4454 quin
495 4350 679 4434 coronidis
700 4351 782 4433 loco
805 4352 879 4433 huc
900 4352 1072 4440 reseram,
1121 4374 1216 4454 quae
1240 4352 1298 4433 cl
1319 4350 1483 4454 Pfqffelitc
1507 4354 1555 4432 ad
1579 4350 1743 4432 adsenta·
1835 4334 1846 4341 ’

947 4478 1031 4578 Β3
1603 4481 1765 4563 tionem
