3736 5160
114 203 187 305 37⁶
398 320 406 338 ι
715 204 1135 299 mom*

113 382 266 473 „Taceo
303 402 378 459 non
416 403 537 458 carere
573 403 643 457 nos
674 382 833 479 periculo
874 384 1119 482 proditionum
1157 405 1220 482 per
1253 381 1504 471 consiliarios,
1542 381 1749 482 militesque

117 502 355 606 „Caluinisluc
405 503 584 579 Putantur
613 513 735 577 tamen
764 501 835 577 hoc
856 528 954 579 anno
974 528 1034 581 res
1066 503 1205 579 nolitne
1233 504 1270 578 in
1305 504 1463 604 Vngurr'c
1494 502 1652 581 feliciter
1677 507 1748 580 suc·

115 625 317 713 „celsurae,
351 646 435 701 cum
462 622 581 720 aliquo
611 621 783 697 nimirum
820 623 996 719 progressu
1027 621 1168 703 fortasse
1193 623 1328 699 Budum
1356 648 1470 722 usque
1498 636 1564 698 aut
1597 625 1647 699 ad
1682 611 1745 702 lli-

115 741 221 833 ·‚bum
246 743 398 844 regalem.
457 743 560 827 Quae
591 740 672 818 loca
703 743 749 819 ad
783 744 1015 823 Autumnum
1050 746 1304 829 tentabuntur,
1342 741 1408 818 nist
1462 741 1572 818 Tarra
1611 768 1742 839 magno

115 864 297 952 „omniuo
320 882 473 940 numero
500 873 626 937 contra
654 876 836 948 occurrat,
860 863 957 963 quod.
985 875 1109 939 umen
1139 863 1301 941 suturum
1323 887 1397 939 non
1422 874 1598 960 putatur,
1633 887 1738 961 quum

116 995 265 1072 „totam
291 984 391 1061 suam
414 982 490 1060 vim
513 978 551 1059 iu
579 978 808 1069 Vatinium,
832 983 1000 1060 adversus
1031 981 1276 1085 Troasuiucnor
1301 983 1537 1061 conuersurus
1567 983 1735 1060 videatur.

115 1103 187 1190 „Si
214 1104 267 1183 ita
288 1116 415 1200 agatur
441 1099 502 1182 sub
526 1100 704 1195 hyemem
737 1104 882 1207 dabitur
908 1126 1026 1200 opera.
1050 1104 1295 1200 recuperando
1323 1101 1507 1188 Taurino,
1548 1104 1649 1200 quod
1680 1127 1731 1200 per

116 1223 293 1323 „seipsum
315 1219 485 1301 obsessum
509 1232 636 1295 manet
660 1222 706 1297 ob
734 1222 906 1299 diuturna
931 1246 1051 1308 arma.
1075 1221 1270 1319 graniaque
1293 1222 1429 1303 danna
1450 1222 1531 1317 ejus
1554 1221 1724 1318 Regionis,

118 1346 216 1433 „linc
241 1341 373 1419 aestate·
398 1339 508 1417 illata.
557 1339 682 1437 Atque
704 1340 797 1422 haec
814 1343 863 1417 de
890 1342 1049 1442 Vngcriu
1067 1343 1318 1438 cogitationes.
1354 1384 1405 1400 -
1452 1383 1502 1399 -
1533 1342 1573 1418 ln
1603 1343 1720 1446 Crcutic

117 1464 248 1552 „fieret
271 1460 408 1559 aliquid
437 1457 660 1561 progressum,
686 1460 798 1543 etiam
827 1459 976 1563 Sigeum
997 1486 1135 1562 reque,
1168 1462 1192 1538 sr
1218 1462 1354 1562 aliquid
1385 1460 1523 1540 subsidii
1549 1465 1588 1541 alr
1612 1463 1719 1561 episi

113 1584 296 1672 „Caesare
328 1579 662 1664 subministraretur.
695 1580 755 1657 sed
785 1604 904 1680 neque
938 1583 1093 1680 pecunia
1121 1584 1237 1669 adest,
1269 1605 1389 1681 neque
1411 1580 1596 1659 homines.
1642 1580 1714 1665 Sunt

113 1704 256 1792 „etiam
278 1703 445 1798 regiones
463 1700 547 1776 illae
566 1698 741 1789 vastatae,
772 1705 811 1782 tlt
841 1726 889 1777 ne
914 1703 996 1783 suos
1021 1702 1170 1802 quidem
1188 1704 1383 1799 indigenas
1412 1726 1504 1800 pane
1540 1701 1633 1776 aiere
1657 1703 1710 1799 pos·

114 1829 239 1915 „sunm
268 1825 320 1898 ita
343 1823 468 1903 omnia
493 1831 654 1899 cremata
675 1820 924 1920 &absumpta
952 1822 1043 1899 suut·
1099 1823 1218 1900 Nostri
1241 1837 1364 1901 tamen
1395 1823 1445 1898 ibi
1469 1822 1550 1897 loco
1577 1824 1650 1897 sunt
1665 1845 1709 1918 pc

114 1945 219 2033 „tius
252 1943 456 2042 Superiora.
504 1941 594 2016 illud
616 1940 758 2028 etiam
782 1941 841 2023 sub
870 1941 983 2028 Rosa.
1007 1943 1127 2025 dicere
1153 1943 1308 2042 possum,
1341 1941 1537 2039 spem-effe
1560 1941 1708 2039 aliquan.

113 2064 325 2164 „Epiroten
362 2077 486 2148 turcae
515 2062 709 2155 subietion
742 2064 781 2141 ur
803 2062 897 2162 ipsos
922 2085 1023 2141 arma
1057 2077 1183 2141 contra
1210 2076 1396 2161 capturos.
1428 2061 1519 2138 sicut
1548 2062 1588 2141 δι
1617 2060 1705 2137 Vatia

114 2184 212 2271 ‚,clri‚
240 2187 278 2262 tir
297 2183 454 2263 Molduui
476 2183 651 2261 serenent
706 2182 832 2281 Atque
859 2182 952 2258 haec
977 2183 1125 2281 quidem
1154 2206 1263 2281 opera
1291 2181 1552 2278 Religiosorum
1583 2175 1702 2272 Collegi

114 2303 267 2391 „illirici
293 2306 331 2381 ἀ
363 2303 402 2383 S,
430 2302 645 2403 fflrronpmi,
677 2303 740 2399 qui
772 2303 890 2379 Roma
926 2315 1120 2389 venerunt,
1152 2305 1249 2381 vnde
1279 2303 1393 2378 etiam
1426 2301 1596 2377 alunturr
1632 2299 1700 2377 iden

112 2446 285 2521 „quoque
306 2444 389 2497 cum
412 2421 528 2518 Mosco
557 2432 740 2503 tentatum
764 2421 825 2501 cst.
883 2421 983 2501 Deut
1004 2422 1133 2503 nostris
1159 2424 1348 2503 conatibus
1374 2423 1527 2511 faueat,
1558 2445 1600 2499 ac
1622 2422 1700 2499 bene

113 2544 242 2637 „dicut
269 2539 488 2623 haereditati
515 2539 610 2623 suae·

205 2783 376 2872 „Rornum
399 2782 535 2881 saepius
555 2782 670 2883 scripsi
695 2785 745 2861 de
762 2783 1067 2882 congregatione.
1095 2784 1317 2882 Priuilegiie.
1343 2786 1381 2864 ἀ
1406 2782 1488 2863 aliis
1500 2807 1515 2876 ς
1539 2777 1699 2860 rescribunt

110 2906 178 2993 „se
197 2905 457 2982 deliberaturos
490 2904 530 2982 δι
557 2904 794 3004 responsuros.
859 2906 993 2984 Veniet
1027 2906 1119 2981 forte
1154 2909 1314 2983 tandem
1332 2904 1393 2980 ille
1427 2904 1536 2979 Pater
1569 2900 1699 3002 ripun

112 3039 317 3131 „perpetitur
339 3027 452 3102 bonae
481 3025 617 3101 nostras
648 3025 899 3120 Cogitationes
929 3026 1159 3122 perfusionis.
1214 3030 1347 3102 Verum
1376 3026 1538 3100 summus
1564 3014 1699 3099 Pontifex

113 3147 215 3233 „duo
239 3143 350 3220 habet
384 3168 468 3241 prae
502 3147 670 3220 manibus
708 3146 876 3238 negotia,
912 3169 1005 3244 quae
1035 3147 1128 3222 dues
1162 3168 1279 3244 poene
1316 3146 1456 3221 Roman
1492 3148 1697 3240 occuparent,
1769 3170 1771 3175 ·

112 3265 283 3354 „Brilam-
312 3264 483 3339 nimirum
518 3266 588 3339 hoc
627 3267 805 3352 turcicum,
851 3265 889 3343 ἀ
928 3264 1058 3343 siuilliae
1092 3267 1251 3342 salutem.
1323 3266 1455 3340 Cetera
1489 3263 1552 3349 vix
1591 3256 1696 3360 poliunt

111 3384 325 3480 ‚,expediri,
358 3396 423 3461 aut
449 3384 560 3464 etium
588 3383 673 3459 sutis
695 3382 840 3483 percipi.
896 3385 976 3482 Ego
1004 3396 1130 3463 tamen
1154 3407 1342 3485 nunquam
1371 3374 1491 3481 hujus'
1517 3383 1591 3463 mei
1614 3371 1694 3458 dcliii

110 3504 337 3596 „obluiscar

206 3747 341 3833 „Pater
365 3743 552 3822 Generalis
579 3744 806 3846 Ostrrcimfir,
835 3747 870 3823 or
894 3747 964 3842 ipse
987 3745 1024 3823 in
1045 3748 1116 3822 hoc
1138 3746 1263 3843 pelago
1288 3743 1461 3830 versatur,
1489 3742 1527 3819 in
1554 3736 1686 3821 Borma,

109 3865 286 3962 „opinion
301 3867 339 3944 δι
355 3866 502 3966 Arrslriu.
551 3865 716 3962 Scripfit,
733 3867 766 3939 se
781 3867 902 3943 adme
919 3880 1135 3950 venturum3
1152 3882 1190 3943 at
1207 3892 1289 3943 meo
1302 3864 1456 3963 judicio,
1477 3865 1573 3941 nilus
1586 3854 1690 3939 efficio

108 3984 191 4071 „Hi
215 3987 385 4066 nimirum
412 3988 573 4063 Abbates
598 3986 738 4066 occulte
762 3987 962 4084 impedient
988 4012 1135 4064 omnem
1166 3989 1318 4064 frustum
1343 3989 1380 4065 or
1407 3984 1525 4061 etiam
1553 3970 1693 4082 ipsuli·

107 4160 130 4190 ‚,
140 4109 332 4182 stationes.
386 4107 476 4181 lllilri
503 4106 584 4181 sane
608 4107 752 4183 videtur
771 4108 804 4181 is
824 4107 934 4184 nimis
954 4109 1069 4186 multa
1091 4108 1182 4183 velle
1207 4107 1416 4208 complesti,
1443 4107 1529 4183 satis
1557 4121 1645 4180 nunc
1662 4087 1697 4167 ei
1769 4190 1771 4211 Ι

108 4226 187 4312 „set
217 4243 290 4305 tres
317 4226 396 4302 illae
419 4227 527 4320 hujus
555 4229 714 4322 corporis
743 4240 864 4324 partes
893 4251 1036 4316 curare,
1059 4228 1228 4317 Suruiurrr,
1259 4229 1497 4317 Frurrcorriurrr,
1529 4223 1696 4305 Barcina
1769 4218 1771 4269 ἶ

107 4370 230 4446 „quae
252 4361 327 4423 tres
343 4348 494 4466 ‚ubuude
514 4344 721 4422 Prouincicir
747 4346 935 4447 Capitulum
960 4349 1188 4426 conficerent.
1248 4348 1390 4425 Harum
1421 4348 1603 4450 Exemplo
1622 4341 1699 4421 Litt·
1765 4314 1771 4449 i

106 4480 192 4552 „tet
219 4468 352 4547 deinde
377 4466 445 4545 has
467 4488 609 4566 quoque
637 4464 776 4565 iuuare.
825 4468 956 4546 Dicam
977 4470 1106 4575 liuere,
1128 4468 1155 4547 si
1180 4471 1310 4547 adme
1332 4469 1483 4548 venerit.

1593 4712 1702 4789 Paruu
