3736 5160
554 246 564 255 ·
626 232 1049 329 emme
1318 283 1332 301 κ
1579 226 1677 327 915·

84 440 138 507 re,
168 415 354 516 postquam
380 410 552 511 ingrellus
576 412 652 491 sum
677 413 717 490 in
740 413 818 490 has'
833 414 1037 512 prouincias
1062 411 1270 501 austriacas,
1311 412 1348 489 in
1372 410 1510 511 quibus'
1528 407 1656 484 catho·
1747 444 1756 459 t

84 535 274 631 rotengio
299 535 442 610 rcdaila
473 533 524 609 est
547 534 594 609 ad
617 557 835 633 perpaucos,
876 558 1012 634 eosque
1044 532 1273 633 pmfcigidoa,
1319 543 1361 610 vt
1391 531 1478 606 hinc
1509 528 1653 623 fugere,

84 660 192 737 edum
216 653 397 730 discedere
413 652 632 750 percupiam.
683 656 818 732 Vereor
843 653 904 730 hic
926 654 963 730 in
980 654 1110 731 linibus
1131 653 1305 752 Vngorioe
1328 652 1366 730 dr
1391 631 1566 731 Croutr‘drr
1593 643 1655 724 vbi

84 804 93 858 c
116 774 246 861 hostis,
282 772 320 850 dc
345 773 485 850 incuria·
503 785 630 851 contm
647 795 717 850 noa
732 787 913 871 pugnant,
949 786 1007 862 vt,
1041 770 1164 851 srDei-
1178 772 1421 849 Misericordia
1437 792 1524 867 erga
1547 765 1657 842 Chri·
1747 846 1760 881 s

84 897 189 973 ianoe
219 916 294 970 non
328 894 398 967 sese
424 892 603 979 ostendat,
638 894 794 970 euadere
818 894 882 973 vix
905 894 1083 993 pollrmua.
1161 893 1324 970 Ostendit
1348 892 1409 967 illa
1443 893 1478 970 se
1509 898 1656 963 tantum

84 1039 169 1117 uper
200 1016 237 1089 io
272 1011 412 1087 Praelio
443 1009 571 1087 ultimo
597 1026 684 1090 ante
709 1015 924 1112 strigonium,
958 1027 1067 1114 atque
1100 1013 1138 1088 in
1172 1012 1451 1110 Expugnatione
1483 1006 1655 1084 Ciuitatis

84 1161 234 1238 quarum,
276 1154 370 1231 quae
400 1130 495 1206 duae
528 1154 587 1209 rea
619 1137 657 1212 dr
692 1131 924 1210 difficillimae
957 1137 996 1214 dr
1028 1134 1263 1212 admirandae
1292 1132 1415 1220 fuere,
1460 1112 1655 1228 inquibus
1826 1180 1828 1185 ·

84 1259 172 1335 mua
200 1251 341 1330 Comitis
361 1251 565 1349 lifinsftldr'i
597 1274 748 1328 omnem
772 1252 982 1350 opinionem
1003 1252 1195 1350 'superauit
1223 1253 1275 1350 ¹⁹).
1342 1249 1496 1349 Reliqua
1510 1333 1514 1343 ,
1528 1245 1657 1324 misera
1808 1340 1823 1347 ..

84 1386 157 1461 uta·
190 1383 230 1451 vt
257 1370 369 1447 etiarn
395 1369 529 1446 Milites
560 1371 738 1448 cirnalores
763 1369 837 1449 srue
862 1382 1014 1450 naturae
1038 1370 1147 1457 vitio,
1187 1372 1261 1449 liue
1284 1373 1337 1448 ita
1367 1396 1390 1446 a
1414 1369 1486 1446 suia
1519 1364 1656 1442 Princi-

84 1496 160 1577 lbua
190 1490 348 1569 instrasti
378 1513 497 1589 neque
523 1510 701 1588 pugnare,
740 1514 861 1590 neque
888 1514 1014 1590 parere
1041 1491 1168 1570 velint.
1230 1493 1355 1593 Atque
1385 1490 1459 1567 hoc
1488 1486 1573 1564 dico
1610 1486 1657 1561 ob

84 1610 403 1693 ,eoerendffimum
436 1609 639 1687 Dominum
673 1611 857 1689 Abbatem
875 1609 1199 1712 -Wer'ngarterrsem,
1240 1611 1452 1712 aliquosque
1484 1602 1659 1683 Ecclefia·

84 1734 165 1811 icon
191 1721 396 1813 Dominus}
422 1729 484 1826 qui
515 1729 612 1806 male
638 1732 722 1807 sane
747 1733 830 1806 luoa
852 1728 913 1806 hic
936 1729 1098 1830 sumptus
1118 1731 1259 1822 locant,
1283 1728 1373 1807 licut
1387 1729 1434 1814 ,dc
1463 1727 1597 1808 Boron·
1619 1722 1658 1801 ὅτ

84 1853 181 1933 uteri.
232 1850 310 1947 Ego
338 1848 401 1924 hic
429 1848 469 1924 in
501 1847 561 1922 his
583 1849 736 1926 miseriis
762 1849 898 1939 versor,
926 1851 1107 1950 quaedam
1133 1862 1175 1931 vt
1194 1872 1449 1952 promoueam,
1478 1845 1658 1947 quaedam

84 1990 96 2053 r
122 1960 334 2071 impediam.
395 1967 459 2047 Ad
486 1968 643 2066 reliquas
669 1967 928 2068 occupationes
959 1968 1023 2047 illa
1060 1992 1180 2071 neque
1217 1971 1371 2054 minima
1402 1967 1561 2056 accedit,
1589 1972 1657 2050 ut,

84 2087 369 2193 nemadmodum
394 2086 504 2184 julius
525 2087 620 2175 lum,
658 2086 808 2167 affistam
835 2087 924 2166 huic
946 2112 1047 2167 nouo
1082 2090 1302 2183 Archiduci,
1339 2112 1498 2190 eumque
1526 2087 1565 2162 in
1592 2108 1658 2159 no·

84 2236 117 2291 ιο
137 2211 209 2299 hoo
239 2206 419 2305 regimine
456 2208 612 2304 juuem,
671 2206 904 2286 constitutum
941 2209 979 2285 in
1007 2211 1131 2288 medio
1171 2211 1451 2291 Prouincialium
1490 2202 1659 2284 Haereti-

84 2352 215 2413 mrum,
243 2350 287 2405 ac
316 2350 410 2425 pene
443 2327 653 2416 rebellium,
696 2325 1056 2412 &contumaciumr
1096 2341 1137 2411 vt
1161 2330 1310 2430 vigilare
1335 2333 1443 2412 valde
1466 2351 1528 2405 me
1554 2345 1657 2422 opor·

84 2464 157 2544 eat,
181 2472 224 2525 ac
251 2449 386 2525 deflere
406 2446 474 2522 has
500 2447 723 2545 Religionis,
746 2471 790 2523 ac
816 2448 1022 2546 principum
1048 2451 1292 2540 munitates,
1323 2452 1361 2528 in
1390 2473 1481 2551 quas
1507 2444 1568 2544 ipfi
1597 2442 1658 2521 sua

84 2599 94 2651 e
129 2570 238 2671 culpa
265 2567 484 2662 redigerunt.
534 2567 575 2644 In
599 2567 748 2645 Austria
774 2563 827 2645 est
853 2568 1001 2647 initium
1030 2554 1213 2669 quoddam
1249 2571 1333 2652 belli
1356 2567 1548 2649 miricam:
1591 2564 1658 2640 Se-

84 2704 161 2773 tem
196 2692 373 2765 decernoe
402 2686 617 2774 Parochiae,
646 2687 685 2762 in
712 2686 931 2786 Episcopatu
958 2686 1174 2792 Pafflruicnfi‚
1206 2715 1248 2768 ac
1280 2713 1391 2788 prope
1420 2688 1575 2766 Linciom
1605 2682 1657 2758 ita

84 2805 350 2893 amultuantu'r,
386 2818 429 2882 ut
459 2804 645 2882 Parochos
671 2805 760 2881 inde
793 2828 924 2883 omnes
958 2809 1167 2904 exegerint,
1198 2809 1656 2904 instmcro,utputan1r,

84 2926 342 3010 rouincialium
373 2926 675 3006 Haereticorurnr
726 2946 846 3022 neque
867 2923 1015 3002 interim
1045 2925 1175 3004 Caesar
1200 2930 1397 3027 quidquam
1428 2935 1555 3002 contra
1592 2920 1657 2996 de·

84 3052 189 3129 eruin
235 3048 338 3123 ldem
363 3069 431 3142 ego
457 3046 494 3121 in
520 3045 590 3119 hac
622 3041 768 3120 Vicinia
793 3044 974 3143 exspeuo,
999 3058 1041 3126 vt
1065 3046 1178 3128 etiam
1208 3048 1358 3127 tandem
1392 3044 1523 3147 aliquia
1552 3040 1657 3122 Nun·

84 3172 143 3252 lua
171 3192 245 3248 non
270 3165 395 3266 procul
419 3187 442 3241 a
469 3163 647 3263 lilartyrio
670 3160 770 3242 abiut.

126 3407 241 3508 „lam
271 3407 352 3485 nilo
381 3401 462 3480 dica
489 3401 622 3479 melina
643 3401 779 3492 habeo,
803 3424 887 3480 cum
909 3401 1055 3482 initium
1078 3406 1240 3487 dederim
1264 3408 1447 3508 potandae
1470 3422 1586 3504 aquae
1609 3436 1661 3455 -·

84 3531 165 3607 aud
188 3540 312 3604 tamen
338 3523 425 3612 scio,
459 3547 506 3599 an
531 3523 602 3598 hoc
625 3522 835 3599 remedium·
857 3523 1041 3600 stomacho
1067 3549 1151 3603 meo
1178 3529 1395 3616 humidiori,
1420 3524 1533 3605 etiam
1559 3519 1658 3599 curia
1796 3533 1818 3583 ’-

84 3645 415 3749 ogitationibuaque
440 3644 544 3720 hisce
569 3645 768 3743 germanicis
793 3641 924 3721 inleiio
936 3657 949 3731 3
981 3643 1205 3729 suffeliuncm
1232 3649 1287 3727 fit.

105 3856 474 3979 ',‚Put0des1derare
502 3892 542 3959 te
569 3881 706 3980 aliquid
741 3879 828 3960 boni
856 3902 900 3958 ac
934 3883 1023 3960 certi
1056 3886 1105 3964 de
1132 3890 1241 3967 rebus
1272 3886 1401 3966 nostrie
1434 3882 1576 3965 bellicis
1609 3899 1658 3954 ex

84 4032 125 4087 ne
151 4005 289 4084 audire.
338 4004 394 4081 At
421 4001 580 4101 pmfeilo
610 4002 772 4080 intutum
802 4001 908 4079 valde
933 4006 983 4078 est
1012 4005 1070 4082 fibi
1099 4007 1234 4108 aliquid
1263 4009 1439 4107 polliceri,
1472 4015 1536 4082 aut
1563 3997 1657 4098 judi·
1710 4025 1726 4046 ‘

84 4128 121 4207 io
145 4128 280 4239 fidere,
304 4123 367 4235 ubi
390 4121 596 4225 praesertim
618 4135 697 4202 mm
721 4123 879 4204 mutum
904 4123 1059 4212 erroris,
1083 4136 1161 4204 tam
1179 4150 1309 4230 parum
1328 4128 1467 4211 ordini.
1488 4122 1657 4204 cernitur.

1508 4244 1659 4338 „Taceo
1767 4268 1771 4275 ·

84 4412 259 4498 ¹)Carolua
279 4412 480 4482 Manaleldlua
506 4410 579 4479 dum
603 4406 771 4499 profligatio
797 4407 962 4478 llarrurum
984 4430 1036 4496 50.
1057 4411 1193 4483 nullium
1212 4416 1404 4506 strigonium
1430 4419 1535 4511 obstan
1560 4413 1660 4484 „mbo
1720 4500 1732 4515 ,
1772 4434 1779 4443 .

114 4530 284 4606 correptura,
308 4519 493 4589 Comorrum
513 4520 676 4586 traarlarus
698 4538 749 4599 14.
770 4513 901 4604 August.
923 4536 1016 4603 1595,
1038 4525 1182 4595 mm,
1202 4527 1348 4616 ῥίφω-ο
1365 4528 1465 4616 Fauno
1483 4528 1545 4620 9⁰ss
1564 4546 1585 4595 a
1605 4544 1660 4592 Μ,
1794 4592 1797 4597 ι

105 4628 185 4719 Jlrir
202 4637 384 4717 expugnem
425 4628 501 4699 Bur.
518 4630 552 4726 r'rr
571 4625 688 4699 Annas.
712 4625 814 4697 Gema
834 4626 1005 4814 Βνέιῖνὶο.
