3736 5160
678 233 1104 330 *m*
1235 277 1238 285 ·
1550 278 1563 305 a
1629 257 1704 333 arr

85 415 284 517 ‚poterir„
332 396 566 512 Rogamus,
619 422 659 492 nt
683 436 750 493 vos
778 438 884 504 eum,
926 414 1191 516 quemadmodum
1234 415 1276 496 ss
1315 442 1376 496 nor
1415 420 1569 520 animm,
1612 415 1706 496 nous

84 539 330 618 emmenduium
356 533 513 612 babeatis.
570 532 658 612 Vale
677 535 836 633 feliciter.

136 822 232 900 ··Ad
258 820 364 899 binas
388 817 494 895 hasce
519 816 676 894 Litteras
700 814 747 905 fic
769 819 951 919 respondit
979 820 1106 898 Abbas
1127 818 1264 898 noller:
1298 819 1514 899 Reuerende
1538 821 1576 898 in
1598 821 1705 901 Chri·

84 942 125 1025 io
147 945 273 1030 Pater,
320 964 363 1014 ac
399 937 576 1016 Domine!
649 941 756 1024 Quod
786 940 1003 1017 Reuerenda
1036 942 1240 1018 Paternitas
1275 943 1389 1023 vestra
1418 945 1463 1020 ad
1487 966 1547 1019 me
1573 939 1705 1040 scripsit

84 1067 120 1143 le
142 1062 378 1140 concedendo
413 1059 472 1135 fici
500 1063 546 1137 ad
574 1062 668 1137 dnos
694 1058 751 1137 vel
783 1070 857 1137 tres
886 1059 1029 1137 Menses
1064 1059 1270 1151 monacho,
1312 1060 1438 1162 quiin
1465 1063 1573 1141 Clroro
1602 1067 1703 1164 oestro

84 1182 281 1289 distenderis
307 1193 410 1276 gerat
433 1181 614 1269 officium,
658 1179 731 1254 hoc
758 1180 871 1278 ipsum
897 1183 935 1258 dr
963 1176 1210 1260 illustriffimus
1232 1181 1416 1260 Dominus
1439 1186 1606 1263 Nunnius
1630 1183 1703 1260 Co·

84 1328 151 1384 nea
175 1301 343 1388 Porciae,
380 1301 507 1378 absens
534 1300 684 1376 Litteris
707 1321 871 1389 mecum,
917 1299 955 1377 &
979 1323 1101 1376 coram
1131 1314 1302 1378 oretenus
1328 1305 1421 1398 egit:
1462 1304 1586 1380 Serius
1615 1321 1701 1382 vero

85 1427 112 1506 b
143 1423 246 1507 varia
269 1422 534 1523 lmpedimenta
552 1419 723 1514 rescrib03
756 1442 867 1519 quam
893 1442 1015 1499 meam
1039 1444 1202 1508 morum,
1227 1445 1297 1500 nec
1324 1446 1430 1522 aegre
1450 1423 1552 1514 serat,
1575 1447 1651 1503 oro.
1799 1518 1809 1532 .

160 1731 261 1810 Dum
287 1727 349 1807 hic
376 1731 414 1806 in
450 1727 667 1809 Monallerio
704 1723 743 1808 S.
773 1727 870 1807 Galli
894 1729 1031 1820 versor,
1071 1730 1284 1811 adseruntur
1311 1731 1405 1811 aliae
1429 1757 1452 1810 a
1473 1731 1698 1813 Paternitate

84 1853 182 1932 'astra
205 1854 252 1929 ad
277 1851 545 1928 illustriffimum
564 1849 766 1926 Dominum
794 1851 1001 1938 Nnncium,
1048 1849 1161 1929 &ad
1194 1875 1255 1930 me
1276 1852 1388 1930 etiam
1417 1853 1596 1954 separatae
1619 1855 1698 1933 uit·
1781 1896 1790 1918 ,

84 1998 183 2061 erae,
226 1973 265 2049 in
293 1971 426 2071 quibus
455 1970 629 2046 maturari
659 1969 759 2066 cupit
783 1969 956 2047 mittendi
979 1969 1027 2046 ad
1048 1993 1116 2049 vos
1145 1972 1318 2050 Monachi
1339 1972 1449 2051 nostri
1464 1975 1695 2054 aduentumt

84 2116 140 2192 pra
165 2094 313 2193 quidem
341 2084 379 2168 in
408 2115 448 2166 re
475 2102 620 2187 paratus
644 2088 793 2185 quidem
818 2089 896 2166 sum
920 2090 1134 2186 gratificari,
1180 2092 1218 2171 dr
1244 2095 1328 2170 sane
1351 2093 1501 2181 merito,
1543 2105 1618 2175 tum
1647 2097 1696 2175 ob

84 2234 195 2292 neam
212 2237 292 2312 erga
315 2211 583 2289 lllustriffimum
606 2209 650 2284 D.
681 2207 868 2285 Nunciurn
888 2210 1169 2300 obseruantiam,
1209 2225 1291 2291 tum
1318 2213 1370 2289 ob·
1399 2214 1601 2310 Religionis
1628 2241 1696 2292 no·

84 2334 177 2438 irae,
195 2358 304 2435 ‘quae
330 2332 422 2410 mihi
444 2352 529 2406 curn
558 2320 782 2407 Paternit'ate
805 2329 919 2406 vestra
941 2329 1160 2412 Communis
1181 2334 1249 2422 est,
1281 2333 1592 2430 conjunltionem:
1630 2338 1695 2415 ob·

84 2470 132 2535 :at
151 2469 295 2544 nmen,
345 2455 444 2552 quod
470 2452 695 2564 eix‘sciam,
746 2448 830 2549 quis
856 2473 1022 2530 meorum
1043 2452 1211 2534 Fratrum
1240 2455 1351 2545 illud,
1396 2457 1492 2555 quod
1526 2456 1694 2554 praeliari

84 2578 293 2666 esrderatis,
325 2573 500 2674 praestare
526 2573 638 2673 poffit.
688 2572 785 2650 Nam
806 2571 969 2671 plerique
1003 2597 1169 2653 meorum
1198 2574 1356 2672 juuenes
1386 2579 1467 2652 sunt
1494 2600 1541 2653 ex
1563 2577 1725 2658 scholis·

84 2702 220 2780 rimum
249 2699 400 2774 domum
423 2693 573 2781 reuersi,
620 2691 1044 2769 rerummonaliicarum
1071 2695 1152 2792 plus
1187 2720 1262 2772 non
1296 2695 1423 2793 periti,
1464 2718 1575 2797 quam
1614 2697 1692 2791 alii,

84 2821 126 2903 ui
152 2804 319 2918 Diliogec
343 2814 487 2892 educati
524 2815 620 2891 sunt:
658 2811 769 2889 Domi
790 2834 877 2890 vero
902 2813 1062 2898 nostrae,
1095 2825 1146 2906 ,et
1177 2814 1297 2892 ubiuis
1320 2815 1396 2892 fere
1419 2817 1599 2901 locorum,
1635 2816 1692 2895 in·

84 2954 184 3020 errae
212 2938 249 3014 in
283 2937 391 3016 Claro
426 2935 688 3022 Cncremorcioe,
717 2955 870 3029 quarum
903 2954 972 3008 nec
1003 2930 1198 3013 notiorem
1227 2934 1340 3012 ullum
1372 2958 1532 3035 unquam
1563 2936 1692 3014 habui·

84 3084 164 3146 rus,
209 3080 329 3157 neque
358 3056 471 3133 etiam
494 3055 644 3140 scimus,
691 3063 733 3130 vt
754 3051 824 3128 elie
847 3051 949 3139 illae,
993 3040 1221 3132 &adhiberi
1253 3056 1430 3145 debeant,
1475 3054 1586 3131 secuti
1611 3057 1691 3152 jam

84 3207 100 3260 r
129 3180 252 3279 aliquo
275 3191 453 3275 ternpore,
491 3172 646 3251 rubricae
666 3185 809 3251 tantum
835 3172 1003 3274 generales
1027 3172 1200 3250 Breninrr'e'
1226 3173 1434 3277 Cnfflnenstc,
1482 3176 1530 3251 de
1556 3177 1691 3275 quibus

84 3300 185 3381 lmen
216 3299 346 3375 dubius
379 3297 525 3374 subinde
551 3294 668 3369 sensus
700 3295 872 3382 occurrit,
913 3305 953 3370 vt
989 3292 1140 3388 proinde
1168 3293 1242 3369 fine
1273 3295 1494 3371 caereomias
1520 3296 1691 3373 monasti·

84 3448 120 3500 rs
146 3422 363 3522 speuemus,
408 3415 486 3492 seue.
505 3416 655 3514 quaeuis
686 3415 757 3490 alia
779 3426 856 3490 tam
893 3412 933 3489 in
958 3412 1105 3500 cnoro,
1144 3436 1254 3511 quam
1284 3414 1323 3492 in
1351 3414 1432 3493 aliis
1455 3428 1559 3493 extra
1588 3417 1689 3495 cno-

84 3567 141 3623 rm
165 3563 236 3618 nos
254 3538 405 3619 delinire
432 3536 544 3622 nihil,
576 3536 792 3612 autdocere
820 3533 1002 3632 poffirnua.
1051 3532 1283 3612 connotent
1310 3534 1384 3610 fere
1409 3535 1688 3632 coeremonias,

85 3661 268 3750 reuiaria,
296 3660 466 3745 Milialia,
505 3680 549 3733 ac
578 3656 667 3732 alias
689 3653 980 3732 Consuetudines
1008 3653 1095 3744 esse,
1133 3668 1224 3754 quot
1249 3655 1325 3733 fere
1347 3655 1429 3732 sunt
1449 3656 1688 3745 Monasteria;

84 3808 150 3864 aare
172 3782 360 3883 disparitas
382 3779 515 3857 merito
538 3776 695 3854 dolenda
716 3774 786 3862 est,
818 3773 857 3851 dc
879 3775 1099 3871 optandum,
1124 3785 1166 3853 vt
1191 3777 1342 3852 tandem
1372 3773 1577 3853 confufione
1608 3779 1687 3855 sub·

85 3909 155 3996 ta,'·
193 3903 283 3981 certi
309 3900 444 4000 aliquid
471 3900 663 3983 statuatur,
705 3897 803 3995 quod
828 3906 869 3974 vt
899 3895 977 3971 lieri
1006 3893 1063 3972 vel
1085 3892 1204 3991 possit,
1238 3894 1296 3972 vel
1327 3895 1477 3981 debeat,
1514 3892 1609 3972 ulios'
1626 3924 1688 3975 aa·

84 4033 127 4107 'ee
159 4026 267 4113 molo,
313 4045 422 4122 quarn
459 4019 647 4119 quidpiam
682 4014 922 4118 praescribere,
966 4025 1113 4112 paratus
1140 4028 1264 4090 tamen
1291 4015 1430 4112 semper
1449 4038 1530 4104 ero,
1568 4016 1686 4094 iniis

84 4147 227 4229 mnibus
254 4166 316 4221 rue
345 4141 584 4223 conformare.
626 4161 720 4237 quae
751 4149 815 4213 aut
842 4133 1042 4212 laudabiles
1077 4132 1292 4210 traditiones
1321 4134 1474 4222 docent,
1500 4147 1564 4212 aut
1585 4136 1686 4235 quod

84 4268 199 4367 gulae
223 4264 364 4343 nostrae
392 4265 429 4342 dr
456 4257 645 4338 Monastici
666 4256 821 4336 Instituti
845 4253 951 4354 periti
983 4256 1021 4333 dr
1042 4249 1147 4329 zelosr
1173 4256 1375 4332 tenendum
1409 4252 1498 4342 effe,
1534 4269 1599 4334 aut
1628 4280 1684 4335 re·
1840 4359 1845 4367 ι

84 4391 288 4468 »amandum
321 4396 386 4462 aut
417 4386 463 4462 de
492 4407 590 4460 nouo
618 4377 927 4458 introducendum
953 4372 1161 4457 statuerintr
1207 4397 1318 4473 quam
1348 4372 1603 4463 Voluntatem,
1646 4377 1686 4458 dr

84 4507 318 4588 eternitatem
345 4504 495 4583 vestram
518 4502 672 4590 habere,
701 4497 787 4578 satie
822 4495 979 4584 multat,
1024 4515 1118 4593 quae
1139 4503 1246 4570 tanto
1270 4515 1354 4571 cum
1380 4493 1461 4575 zelo
1481 4496 1521 4573 in
1549 4499 1682 4576 Mona·

84 4631 149 4712 etii
173 4627 225 4709 sni
252 4625 550 4709 reformationem
580 4619 778 4712 mcum,
818 4616 932 4824 cuju}
942 4629 1024 4819 pam
1049 4611 1136 4700 boni
1164 4612 1290 4707 studi,
1319 4612 1382 4710 ,δι
1399 4625 1479 4729 tarn
1506 4615 1682 4819 boum
