3736 5160
664 116 1085 211 mmm*
1615 124 1687 213 283

20 290 251 374 dulcedine
281 292 479 393 perniciosa
509 290 808 373 Aduersariornm
846 294 947 384 tela,¹
977 295 1108 395 quibus
1138 291 1334 373 Ecclesiam
1360 294 1459 373 luam
1488 294 1686 386 inuadunt,

17 418 264 514 exasperata
288 404 364 493 ssot.
416 415 557 499 Quibus
579 424 619 492 vt
643 415 872 513 praeueniat,
913 413 1073 491 dothina
1098 436 1141 489 ac
1165 413 1301 511 pietate
1329 415 1533 512 praeclaros
1556 417 1689 515 vbique

15 537 184 624 Viros,
230 557 322 634 quos
352 533 532 610 Ecclesiae
565 534 647 609 snae
679 533 879 631 praesaslos
914 533 1116 618 constituit,
1157 534 1293 632 quique
1321 534 1449 611 diuino
1478 535 1601 634 spiritu
1631 535 1690 613 in·

19 656 128 736 flati
155 655 354 748 Ecclesiam
386 655 486 729 suam
508 653 627 728 veraci
662 656 770 731 verbo
803 677 825 727 a
854 652 1059 731 crudelibus
1095 652 1372 730 Haereticorum
1398 653 1580 733 Destrinis
1605 678 1688 754 pro·

22 789 204 871 tegunt,
236 773 356 868 eligit,
389 796 432 848 ac
456 773 583 848 diuirm
608 774 669 865 sua
698 772 905 849 Clementia
936 774 1133 848 exsuscitat.
1183 772 1281 847 Inter
1302 795 1392 870 quos
1418 773 1597 852 Ecclesiae
1622 799 1688 852 no·

31 896 144 971 lirae
172 891 386 969 Defensores
410 893 657 968 numerandus
690 891 905 969 doslilsrmus
931 892 994 967 hic
1021 890 1243 968 Adolescens
1272 889 1473 996 ffoaclrimur
1507 893 1690 994 Tydiclriur

36 1012 270 1115 Berlinmfis,
311 1009 459 1089 Artium
490 1034 533 1086 ac
563 1008 812 1110 Philosophiae
844 1009 1030 1106 Magister,
1076 1012 1243 1109 praesens
1271 1010 1494 1090 Litterarum
1521 1037 1687 1093 memum

41 1134 226 1220 ostensor,
261 1130 333 1210 loci
356 1129 576 1225 honorisque
602 1128 799 1229 plurimum
824 1142 1002 1217 meretur,
1041 1130 1105 1231 qui
1126 1130 1212 1207 licet
1232 1142 1353 1208 aetate
1379 1134 1498 1209 adhuc
1521 1134 1687 1230 iuuenis,

47 1254 210 1331 multum
238 1260 363 1327 tamen
391 1247 569 1325 Ecclefiae
597 1246 809 1326 Catholicae
843 1248 946 1326 saluti
977 1249 1117 1347 scriptis
1146 1250 1217 1326 suis
1244 1251 1529 1330 manifestissima·
1548 1252 1686 1332 Luthe·

51 1394 225 1451 ranorum
256 1369 451 1446 mendacia
489 1368 707 1465 aperiendo,
752 1367 1018 1465 elegantissimis
1053 1392 1185 1466 nempe
1220 1369 1380 1468 Verfiorm
1414 1371 1686 1450 concinnantibus

52 1493 172 1593 paffirn
198 1490 238 1565 in
271 1488 454 1567 Germanic
478 1488 597 1564 aeditis
623 1488 819 1567 inseruiuit.
885 1492 1006 1575 Quem
1023 1491 1270 1567 venerandum
1294 1488 1574 1569 Adolescentem
1602 1515 1684 1591 pro·
1798 1504 1813 1524 ·

53 1628 129 1712 pter
158 1610 244 1708 ejus
278 1608 472 1686 Summam
500 1608 730 1697 modestiam,
767 1608 1002 1707 probitatem,
1042 1608 1236 1705 pietatem,
1274 1631 1317 1684 ac
1339 1609 1587 1688 Excellentem
1617 1613 1685 1690 do·
1753 1594 1779 1631 ³

55 1734 221 1831 Annam,
260 1728 357 1805 inter
382 1728 540 1828 reliquos
564 1728 689 1808 dvos
719 1727 930 1807 Catholicae
956 1727 1096 1803 nollrae
1128 1727 1301 1807 Veritatis
1332 1728 1545 1807 Defensores
1576 1732 1683 1809 unice

56 1848 267 1950 paternitati
298 1859 385 1925 tuae
413 1851 651 1934 commendo,
684 1872 796 1947 quem
828 1847 1051 1945 praedisium
1075 1848 1276 1950 Magistrum
1302 1846 1536 1954 joachimum,
1575 1851 1683 1931 lives
1807 1930 1810 1935 ⁴

59 1969 290 2047 Conditionir
318 1991 451 2065 genere
479 1969 575 2066 apud
599 1979 638 2043 te
656 1968 806 2045 honesto
827 1965 1038 2064 gratificari,
1064 1968 1123 2045 vel
1144 1967 1400 2046 beneficiorum
1426 1982 1570 2048 tuorum
1594 1972 1681 2049 libe·
1776 1962 1782 1972 ’

62 2089 220 2176 talitate,
257 2112 348 2190 quae
387 2087 534 2163 fidelem
573 2086 777 2165 Praesulern
803 2088 929 2176 decet,
971 2086 1168 2165 clementer
1191 2088 1362 2183 adiuuare
1394 2090 1546 2188 poteris,
1592 2092 1684 2169 illud

60 2212 117 2289 rel
138 2209 265 2297 Matris
287 2207 427 2287 nostrae
454 2205 633 2282 Ecclesiae
656 2206 826 2297 nornine,
860 2204 919 2283 cui
946 2203 1008 2281 hic
1034 2204 1206 2285 Defensor
1233 2208 1449 2287 constitutus
1480 2233 1540 2298 es,
1562 2213 1683 2288 facere

53 2354 100 2409 ne
124 2328 351 2427 dedigneris,
393 2325 555 2403 submisse
583 2349 605 2401 a
638 2338 676 2433 te
705 2337 810 2424 peto,
851 2335 961 2426 atque
983 2328 1177 2404 contendo.
1250 2328 1313 2405 Est
1334 2331 1433 2409 enim
1460 2330 1592 2427 dignus
1620 2327 1682 2406 hic
1837 2336 1851 2377 -’

53 2450 293 2535 Adolescens,
329 2457 370 2527 vt
393 2445 660 2523 clarissimorum
688 2446 858 2525 Virorum
885 2445 1018 2546 ope&
1043 2444 1180 2522 auxilio
1206 2448 1252 2522 ad
1273 2447 1463 2529 honelium
1484 2451 1682 2530 lludiorum

53 2572 197 2649 suortnn
231 2568 343 2645 finem
368 2566 570 2663 adjuuetur.
616 2566 689 2663 lpse
714 2567 871 2664 denique
896 2589 945 2641 ne
970 2563 1029 2644 vel
1050 2575 1114 2641 tua
1146 2566 1204 2642 vel
1228 2566 1382 2645 aliomm
1406 2570 1681 2666 magnificorum

53 2688 259 2769 Praesulum
282 2687 458 2764 beneficia
488 2683 550 2783 ipsr
586 2684 835 2762 collaterana
873 2684 933 2761 sed
969 2682 1131 2779 operaria
1159 2683 1247 2773 Ant,
1289 2687 1429 2764 summa
1453 2689 1682 2786 gratitudine

54 2811 197 2890 efficiet.
247 2808 329 2884 Hac
351 2807 390 2883 in
414 2830 454 2884 re
478 2803 571 2882 mihi
599 2805 638 2884 dr
661 2803 812 2880 honesto
836 2803 923 2880 huic
954 2801 1170 2879 adolescenti
1194 2801 1384 2895 inseruies,
1420 2822 1594 2908 perpetuo
1618 2832 1681 2888 me

54 2928 119 3008 tihi
144 2952 271 3008 amore
295 2926 501 3013 deuincies,
542 2922 661 3024 sicque
685 2920 771 3000 huic
794 2921 991 3002 dostiffimo
1013 2920 1185 3009 studioso,
1235 2922 1383 3002 alumno
1411 2928 1529 3007 nostro
1554 2938 1681 3029 ‘prom-

57 3060 113 3126 ns
146 3048 241 3150 (ceu
261 3051 376 3147 spero)
407 3045 538 3131 neor.
582 3041 762 3119 areunae
796 3032 935 3120 nonne
958 3038 1070 3118 roan
1100 3041 1263 3123 mortum·
1278 3045 1554 3140 nauantem.
1598 3026 1702 3128 neo'

57 3182 179 3247 autem
210 3160 366 3249 Summo
399 3177 436 3244 te
477 3163 704 3242 Carissimum
743 3161 942 3241 exhibebis.
1008 3160 1081 3246 Qui
1119 3161 1375 3242 Reuerendam
1416 3167 1694 3250 Patemitatem'

58 3302 156 3366 tuam
181 3289 248 3365 diu
278 3287 383 3371 nobis
414 3284 636 3362 incolumem
667 3282 805 3368 seruet,
848 3282 886 3357 in
918 3278 1095 3356 Ecclefiae
1127 3282 1209 3358 suae
1233 3284 1461 3383 triumphum
1490 3290 1529 3369 dr
1556 3310 1679 3368 rerum
1836 3352 1840 3361 ,

58 3408 275 3507 publicarum
302 3405 622 3484 conseruationem.
686 3402 804 3478 Darae
829 3399 1012 3496 Augustae
1035 3399 1191 3495 Rhetiae
1218 3429 1256 3482 a.
1282 3403 1435 3486 Kalend.
1456 3407 1544 3509 Julii
1567 3408 1679 3497 Anno

58 3526 310 3607 Redemtionis
334 3524 521 3604 MDLXX.
547 3522 783 3599 Reuerendae
815 3508 1030 3598 paternitati
1062 3530 1148 3597 tuae
1179 3521 1218 3597 in
1244 3524 1416 3604 omnibus
1440 3526 1679 3607 deditillimus

60 3642 171 3726 Pttrw
197 3644 347 3748 Conifias
369 3644 414 3723 D.
438 3642 634 3723 Societatis
657 3641 739 3739 Jesu
763 3639 967 3736 lireologus
991 3636 1228 3739 Marsicam
1251 3640 1439 3725 Praetoris
1455 3674 1519 3751 per
1539 3636 1694 3729 amno?
1736 3668 1741 3675 ’

59 3770 142 3845 riom
166 3765 343 3869 lnan'sstor
364 3782 477 3845 manu
498 3763 652 3865 propria.
1089 3758 1094 3765 ’
1268 3768 1275 3781 ’

144 4004 356 4086 lnSumma
376 4026 518 4103 quoque
533 4000 699 4098 Egehate
715 3998 1003 4078 Praedecelsores
1022 3999 1160 4077 nollros
1180 4023 1202 4076 a
1219 3996 1432 4101 Disciplinae
1456 4004 1573 4102 rigore
1584 4003 1679 4083 hant

57 4123 251 4212 discessisse,
277 4127 318 4204 dt
340 4123 425 4201 ideo
443 4125 577 4200 exteris
601 4144 745 4220 quoque
768 4120 992 4217 Regionihus
1015 4120 1144 4198 honori
1171 4133 1279 4219 atque
1308 4124 1532 4201 venerationi
1555 4122 1693 4215 fuisse,-

54 4248 189 4325 nedum
215 4244 392 4331 addutta,
416 4244 475 4319 sed
493 4241 760 4319 &adducenda
782 4238 966 4316 luculento
989 4252 1203 4334 argumento
1228 4253 1347 4318 erunt.
1397 4242 1558 4324 Effusam
1574 4243 1677 4323 hisce

52 4365 260 4465 praesertim
276 4362 498 4461 temporibus
511 4360 581 4437 Dei
606 4356 826 4438 vindicantis
849 4358 941 4435 iram
965 4381 1040 4435 non
1066 4356 1178 4435 solum
1203 4358 1306 4457 snper
1328 4362 1587 4443 Monasterium
1611 4362 1685 4443 no·¹

50 4486 184 4575 Arurn,
209 4486 323 4564 sed&
345 4481 446 4582 super
460 4492 595 4568 totam,
620 4503 691 4581 qua
713 4479 786 4557 late
808 4490 926 4578 patet,
952 4476 1190 4557 Germaniam
1214 4476 1331 4567 suffe,
1356 4479 1547 4580 imaginari
1570 4482 1677 4561 nobis

943 4595 981 4677 N
987 4616 1014 4676 n
1028 4612 1061 4678 'a
1620 4602 1679 4684 vel

1374 4736 1400 4783 ἢ
