3736 5160
113 225 186 301 432
722 194 1142 288 em*
1208 228 1211 233 ·

115 382 248 460 cienda
273 380 400 466 effect,
441 401 486 454 ee
504 401 579 455 non
605 385 709 454 extre
732 375 886 453 udinem
903 373 1161 451 Monnsterium
1180 371 1394 471 legerentur.
1432 379 1558 463 Mense
1577 379 1716 460 Ofiobri
1740 464 1767 485 ,

117 503 303 581 cumines
335 501 539 596 contagiosa
562 523 635 575 non
660 497 772 574 solum
791 499 868 573 sere
887 495 1020 594 vbique
1046 494 1084 570 in
1107 492 1240 572 vicinia
1261 490 1418 575 mustum
1441 501 1767 605 seanxisset,1vQ

119 648 201 703 rum
222 623 336 700 etiam
360 622 397 697 in
434 643 526 720 pago
552 616 692 694 Aitorff
717 617 854 715 aliquot
880 616 1010 692 dornon
1036 612 1467 717 iruuenden-'periculum
1490 645 1564 698 non
1592 625 1767 728 1110an

121 744 337 823 Monasierio
367 740 485 817 nostro
508 739 699 816 imminere
722 735 921 815 videbatur.
971 736 1097 834 itaque
1121 739 1165 812 ad
1194 742 1485 834 praecauendum
1508 741 1645 824 malurn
1671 743 1756 834 Su

118 866 278 967 periotes
298 861 465 959 sollicitor
480 858 633 970 omnino
660 859 698 936 dr
718 857 859 934 sedulos
876 857 975 934 fecit
1027 856 1129 941 Quid
1153 842 1305 954 proinde
1321 870 1487 957 tempore
1505 872 1584 938 tam
1605 864 1738 959 pericu.

119 985 212 1075 loso,
250 987 288 1063 dr
311 1007 358 1058 ne
385 983 421 1057 in
446 971 635 1082 repefitim
658 979 740 1054 casu
768 975 953 1054 confisium
978 977 1130 1061 deesset,
1162 976 1353 1074 sequentes
1380 979 1598 1070 bustiones,
1634 1003 1724 1083 prou

13 1140 20 1155 ·
120 1129 181 1186 res
210 1105 296 1180 esset
324 1104 512 1191 exattura,
550 1112 692 1178 mature
717 1097 960 1175 obseruandas
983 1097 1193 1174 statuerunt

87 1346 97 1359 '
209 1342 352 1455 ⁸Primo:
376 1342 512 1418 Sedulo
538 1340 745 1424 canendum
773 1361 821 1412 ne
847 1359 1011 1412 rumores
1039 1337 1088 1411 de
1109 1335 1199 1410 iocis
1220 1334 1449 1435 personisque
1478 1337 1641 1425 infestis,
1672 1342 1716 1457 dp·

122 1463 255 1542 suniiis
278 1474 347 1539 etc.
387 1466 432 1540 ad
457 1462 694 1538 Conuentnm
732 1459 786 1563 ab·
809 1456 988 1543 externis,
1032 1456 1179 1533 samuiis
1211 1468 1275 1530 aut
1307 1459 1420 1532 etiarn
1443 1459 1575 1535 nostris
1600 1461 1718 1538 aliunde

120 1585 302 1669 serantur,
343 1594 408 1659 aut
434 1584 616 1680 sermones
647 1581 744 1656 inter
773 1578 911 1655 nostros
939 1580 985 1652 de
1010 1577 1144 1655 talibue
1173 1576 1414 1656 instituantur.
1475 1579 1528 1656 Et
1553 1581 1717 1680 praecipue

119 1705 191 1783 hoc
211 1703 364 1785 vetitum
394 1700 606 1781 officialibus
627 1699 757 1780 nostris
780 1721 983 1775 oeconomo
1008 1700 1047 1777 dc
1071 1697 1246 1796 grmario

55 2022 59 2031 ,
216 1942 384 2022 Secundo:
434 1941 534 2019 Nulii
566 1941 681 2019 exteri
715 1944 764 2019 ad
793 1938 1028 2017 conuentum
1055 1937 1318 2026 admittantur,
1363 1934 1573 2035 praesertim
1607 1939 1718 2027 nuntii,

119 2063 269 2164 opifices
295 2066 332 2141 dr
363 2059 513 2151 similes,
551 2064 612 2138 sed
637 2073 741 2139 extra
765 2072 906 2161 portam
929 2071 1135 2134 conuentus
1157 2056 1353 2153 jubeantur
1375 2081 1536 2135 manere.
1585 2060 1741 2155 unce,

120 2182 218 2260 iinb
246 2180 387 2259 infectis
415 2184 453 2260 dr
477 2181 641 2279 suspestie
672 2182 762 2259 iocis
790 2183 1018 2267 deserantur,
1050 2178 1168 2255 suffitu
1194 2180 1304 2276 probe
1335 2180 1717 2282 insurrectionem

120 2304 220 2382 ribue
245 2301 360 2377 vestes
386 2300 602 2377 reficiendae
639 2302 687 2378 ad
718 2317 858 2400 portem
882 2304 1110 2386 desermrtur,
1153 2320 1228 2397 quo
1262 2298 1413 2375 easdem
1446 2298 1600 2380 resebtas
1632 2303 1717 2378 iiden

121 2423 289 2502 reserant
339 2420 409 2494 Pro
430 2419 585 2497 vestibus
614 2419 721 2495 lineis
748 2424 795 2498 ad
816 2421 1012 2495 sectionem
1033 2417 1250 2494 deserendis
1266 2418 1504 2496 constituntur
1526 2421 1717 2506 fannon

59 2548 69 2572 ²
122 2541 222 2629 ania,
254 2536 315 2637 qui
343 2560 406 2615 eas
436 2539 532 2638 apud
559 2550 702 2636 portam
721 2539 940 2615 conuentus
967 2538 1140 2634 accipiat,
1172 2537 1329 2637 illucque
1349 2539 1443 2617 latae
1467 2541 1610 2620 reserat

221 2777 354 2857 Tertio:
385 2779 495 2854 Porta
521 2774 740 2855 Conuentue
764 2776 1029 2876 diiigentisiime
1056 2777 1194 2877 semper
1216 2776 1259 2854 srt
1282 2777 1416 2867 clausa,
1448 2803 1515 2879 per
1538 2806 1646 2882 qnam
1661 2780 1722 2858 nui·

121 2902 181 2981 lna
207 2913 415 2975 exterorum
441 2897 714 2976 intromittatur.
763 2898 888 2976 Suton‘
916 2896 1030 2975 calcei
1060 2898 1122 2978 sub
1148 2909 1252 2997 porta
1276 2898 1427 2985 dentur,
1459 2899 1586 3002 ibique
1616 2905 1658 2983 ab
1677 2927 1724 2980 eo·

104 3024 210 3103 'dern
238 3017 468 3120 recipiantur.

220 3258 371 3359 Quam:
410 3257 517 3334 Pueri
548 3257 725 3335 scholares
759 3279 834 3333 non
869 3256 1108 3333 admittentur
1142 3257 1190 3333 ed
1223 3254 1477 3363 Conuentum‚
1515 3260 1578 3339 sed
1600 3261 1726 3359 jubean-

125 3386 185 3455 tur
198 3379 310 3454 'dorni
335 3399 500 3464 manere,
540 3379 598 3458 vel
623 3376 825 3456 habeantur
851 3377 975 3475 pauci,
1014 3377 1077 3476 qui
1100 3375 1237 3475 semper
1264 3375 1302 3451 in
1335 3377 1533 3456 Conuentu
1560 3392 1727 3466 maneant,

124 3497 260 3576 ibidem
288 3497 441 3573 edentes
477 3500 515 3575 dr
545 3498 786 3578 dormiente&
848 3496 990 3575 Possent
1012 3496 1128 3601 mam
1151 3496 1190 3572 in
1222 3496 1428 3575 necessitate
1455 3501 1657 3581 sacerdotes
1677 3499 1728 3576 sbi

121 3616 283 3716 inuicem
313 3614 496 3692 inseruire.

221 3855 364 3957 Quinto:
395 3853 605 3933 confessarii
626 3853 887 3933 constituantur
912 3854 1022 3965 nsiqni
1052 3853 1160 3942 certi
1196 3853 1364 3944 animosi,
1391 3855 1584 3936 meciienti
1596 3855 1724 3954 ,phleg-

123 3975 280 4056 maticae
303 3975 425 4073 potius
448 4000 561 4076 quam
587 3976 800 4073 sanguineae
823 3960 1101 4074 complexionis
1137 3975 1199 4073 qni
1229 3998 1416 4075 nunquam
1442 3975 1561 4073 jejuni
1588 3982 1633 4056 nd
1655 4000 1726 4053 oon·

123 4094 288 4173 sessonee
312 4094 546 4191 excipiendae
581 4096 617 4174 se
643 4096 851 4186 conserant,
887 4096 947 4175 sed
972 4095 1072 4195 prine
1101 4093 1243 4195 sumpta
1273 4094 1347 4171 ossa
1378 4095 1549 4178 berittum
1578 4098 1730 4180 devino

124 4214 308 4339 medicato
328 4214 476 4292 saciant.

123 4548 161 4628 h
187 4427 347 4627 m
376 4427 519 4532 Vbique
539 4430 580 4509 in
595 4428 771 4523 &eleum
801 4430 1017 4575 Conueutu,
1058 4429 1221 4519 Scboiie,
1259 4428 1437 4512 coniceris
1464 4431 1630 4515 seruetur
1649 4436 1759 4518 fidu

346 4571 399 4627 ee.

1586 4674 1729 4779 Septim·
