3736 5160
578 108 1301 271 egAarArro

129 340 237 447 gulia
263 362 313 423 ac
339 264 593 451 scrtptonima
628 300 925 450 congeiseaam,
965 338 1072 449 iusto
1104 344 1247 431 ordine
1281 344 1528 455 disponerem
1565 368 1687 458 atque
1726 353 1769 437 in

128 503 259 584 iucem
306 476 510 607 publicam
550 506 830 610 propellerem.
915 486 1175 621 Accedebat,
1228 500 1387 617 quod
1370 532 1477 617 gam
1480 532 1596 593 anno
1634 512 1775 617 priore

132 660 362 769 Gottingae,
404 663 674 749 intellexeram
708 660 787 748 effe
806 652 1027 751 Hamueroe
1057 666 1224 771 Virum,
1275 670 1345 777 qui
1376 650 1559 753 deuouit
1589 669 1771 753 editione

132 822 294 906 s'hronici
317 820 591 945 Weingarrrgfit
618 848 670 911 err
697 824 858 911 Codice
880 824 1062 933 biennens-
1085 832 1302 943 cogitaret:
1334 828 1416 917 imo
1442 829 1551 934 quod
1583 827 1765 912 Scieidrirr

128 976 279 1067 dudum
314 984 541 1089 promiserat
570 984 609 1068 se
638 983 862 1090 faiiurum,
906 986 1064 1095 jamjam
1091 990 1141 1073 ab
1167 990 1237 1072 illo
1261 958 1449 1071 effecum
1480 985 1583 1088 effe,
1643 1013 1762 1093 opus·

128 1165 210 1248 que
240 1142 313 1226 sub
341 1146 479 1249 praelo
512 1142 669 1247 sudare,
712 1170 808 1257 ergo
855 1168 1118 1255 praeuentum
1160 1172 1224 1233 me
1264 1168 1395 1249 ratus,
1455 1148 1765 1253 exspeiiandum

125 1300 247 1406 duxi,
301 1304 437 1389 donec·
466 1308 553 1411 quia
593 1326 729 1411 partus
771 1306 1002 1414 proditurus
1048 1309 1169 1407 esset,
1230 1311 1335 1413 meis]
1361 1310 1488 1390 ocuiir
1533 1312 1756 1405 arbitrarer,

124 1462 276 1570 prodiit
314 1462 354 1548 dt
389 1467 497 1571 typis
536 1463 696 1571 quidem
736 1469 1016 1577 elegantiffimis
1071 1469 1125 1552 V.
1157 1468 1310 1550 Tomua
1352 1468 1515 1550 excusata
1560 1469 1752 1574 orphano·

126 1626 287 1729 trophei
312 1625 559 1729 sumptibus,
623 1625 956 1731 quemadmodum
991 1634 1144 1739 priores
1175 1626 1250 1713 IV.
1279 1628 1348 1712 sub
1376 1628 1529 1712 rubrica
1568 1628 1760 1733 Originum

127 1778 396 1893 maistam,
429 1784 496 1869 sed
519 1783 569 1869 de
595 1786 656 1868 his
683 1788 760 1870 alio
788 1789 901 1870 loco.

240 2170 399 2257 interim
424 2172 604 2285 praesent
632 2174 746 2257 volui
773 2197 896 2261 annus
920 2162 1147 2277 inceperat,
1187 2178 1367 2280 inquo,
1401 2192 1528 2275 quum·
1559 2163 1757 2251 Referam-1

125 2329 296 2414 diffimus‘
327 2332 383 2418 D.
415 2334 553 2417 Abbaa
581 2329 719 2417 noster
742 2332 950 2417 Domim'crts
980 2330 1344 2439 quinquagesimum
1368 2331 1573 2414 mcerdotii
1603 2331 1657 2411 sui
1688 2350 1755 2410 au·

124 2516 219 2573 num
253 2490 348 2577 esset
380 2491 557 2590 adiutus,
610 2496 723 2601 operi
758 2496 935 2576 ultimam
965 2516 1123 2576 manum
1159 2494 1365 2600 imponere
1391 2488 1612 2575 statueram.
1696 2485 1754 2567 At

127 2648 279 2733 ariium
298 2658 412 2737 nimis
452 2655 661 2740 videbatur
685 2656 1094 2765 temporiespatiuro,
1132 2675 1252 2758 quara
1282 2670 1330 2737 vt
1360 2648 1570 2735 aduersaria
1595 2669 1681 2729 mea
1711 2647 1751 2727 in
1821 2638 1842 2661 ⁴

127 2811 303 2896 ordinem
345 2815 583 2925 redigerem,
635 2818 932 2925 editionemque
967 2812 1282 2926 castigatiffimam
1325 2834 1376 2896 ex
1415 2808 1651 2917 Autograpio-
1679 2830 1754 2892 nu·

123 2978 245 3058 meria
264 2978 338 3061 suia
366 2976 798 3084 absolutamjpararem

235 3361 393 3472 Scripro
422 3320 562 3448 tamen¹
584 3366 719 3471 aiiquo
741 3362 939 3447 celebrare
970 3362 1073 3446 tanti
1102 3360 1235 3446 Patria
1271 3356 1521 3455 memoriam,
1584 3380 1751 3463 eamque

124 3529 341 3608 aeternitati
382 3526 654 3609 tranascribere
690 3534 931 3633 magnopere
969 3522 1303 3627 concupiuemm,
1355 3537 1450 3637 ergo
1487 3513 1617 3597 subito
1652 3512 1750 3594 mihi

123 3682 260 3766 incidit
296 3686 501 3771 conissium
538 3680 780 3769 conficiendi·
823 3684 1045 3791 catalogum
1067 3679 1291 3803 ¹libbatum·
1327 3664 1579 3773 nostrorum,
1635 3668 1747 3779 quod

123 3842 279 3961 quidem
315 3846 509 3951 praesenti
533 3840 711 3927 instituto
743 3830 956 3925 videbitur
986 3812 1301 3947 quammaxime
1333 3856 1576 3945 congruere,
1614 3831 1653 3917 dc
1685 3858 1749 3916 ca·

122 4029 205 4087 rere
236 4006 475 4089 difficultate.
528 4002 752 4113 ¹Quoniam
782 4026 881 4085 nero
910 4003 1061 4109 priores
1083 4000 1258 4107 inprimis
1277 3996 1456 4079 Abbarea
1489 4018 1578 4077 cum
1609 3986 1747 4102 Gueifh

120 4180 230 4250 erant
271 4165 426 4277 oppido
463 4168 665 4269 connexi,
714 4164 969 4270 praemittere
1005 4156 1330 4259 ffiffertationem·
1367 4154 1421 4239 de
1470 4150 1745 4256 Fundatione,

122 4322 421 4449 Restauratione
460 4346 582 4436 atque
622 4312 944 4445 umriarion'rour
971 4290 1293 4431 weingartenria
1331 4314 1520 4402 ¹coenobii
1545 4313 1742 4400 constitui.

123 4486 299 4574 Omnem
313 4610 317 4620 Ι
333 4466 434 4575 uero
464 4491 573 4576 hunc
606 4448 866 4596 complerem
888 4480 1081 4573 Prodromr‘
1101 4482 1408 4567 odoramentorum
1434 4468 1670 4585 Gurgicorun'r
1699 4477 1746 4556 ti-

1657 4634 1744 4718 tulo
