3736 5160
153 302 159 307 .
665 220 1088 314 emme
1609 235 1686 315 sor

66 416 169 496 1730
199 420 253 475 ro.
277 398 375 496 May.
423 394 477 470 lta
502 395 579 473 lere
600 396 677 473 Lib.
705 384 902 475 Abbat'l.
925 397 985 477 lV.
1010 421 1044 496 p.
1065 422 1151 497 344.
1201 396 1309 475 Nunc
1330 396 1543 476 mnaleaP.
1568 400 1692 476 (rome
1822 426 1825 431 Δ

59 519 144 595 fridi
169 519 313 613 Reding
334 518 606 615 prosequamur.
654 542 708 591 20.
727 516 828 617 Junii
854 518 980 596 eletlio
1003 520 1092 594 noui
1119 518 1281 596 Abbatis.
1343 518 1382 593 ln
1409 541 1519 616 quem
1545 518 1685 597 elenae

59 637 112 712 elt
136 637 412 713 AdmodumR
441 637 479 710 P.
503 632 567 713 Sel
568 639 709 738 astianne
735 637 867 734 leler.
809 636 1017 712 lerHuic
1038 637 1223 722 electionis
1249 638 1341 714 alini
1365 637 1516 715 nomine
1537 637 1688 716 Cellrlli·

60 756 113 833 mi
138 780 181 832 ac
212 753 506 835 Reuerendiffimi
532 754 707 854 Principis
737 755 899 855 Episcopi
924 755 1205 832 constantiensis
1238 757 1393 853 praefuit
1424 755 1684 834 Reuerendilli·

60 898 145 952 mua
173 876 352 951 Dominus
381 872 553 951 Corradus
579 874 809 953 Ferdinnndns
847 877 947 974 Gnifl.
971 872 1168 972 Episcopus
1200 875 1422 952 Tricalleude
1447 870 1484 956 dr
1514 876 1684 975 suffraga-

59 1018 153 1070 neus
178 992 461 1070 constant-lende
487 1016 529 1068 ac
547 993 875 1071 Reuerendillimus
900 995 1081 1071 Dominus
1107 993 1304 1092 Franciscns
1328 996 1453 1074 Anbar
1472 993 1684 1069 Dchleolru·

58 1114 218 1190 lrulanus
245 1114 388 1191 Praeles
411 1111 723 1208 congregationis.
788 1112 1016 1189 scrutatores
1049 1138 1071 1188 e
1103 1112 1241 1215 gremio
1271 1115 1434 1213 allumpti
1461 1116 1543 1190 lunt
1574 1113 1618 1190 lic
1642 1113 1683 1189 P.

63 1232 241 1312 oswaldm
267 1231 325 1307 Cle
339 1258 372 1306 m
395 1231 514 1313 Prior.
548 1233 585 1307 P.
614 1230 818 1330 Godefridnr
840 1232 991 1332 reding,
1024 1236 1062 1308 Ρ.
1095 1231 1286 1308 Vincentius
1310 1232 1418 1333 Kopp.
1466 1231 1588 1308 Finita
1609 1230 1685 1307 eleis

58 1354 161 1429 tione
206 1352 245 1429 dr
290 1353 431 1449 peram
471 1350 796 1445 congratulatione
842 1351 1169 1430 Reuerendilfiruus
1214 1351 1258 1426 D.
1306 1347 1564 1446 Suliragaineue
1610 1351 1684 1426 ele·
1843 1390 1849 1395 ·

57 1476 155 1552 iluna
199 1473 397 1547 Dominum
436 1471 620 1547 Abbatem
662 1471 701 1545 -iu
742 1471 881 1545 Sacello
918 1472 1145 1549 Beatillrm'ae
1177 1469 1339 1565 Virginis
1373 1466 1513 1547 Mariae
1550 1470 1683 1546 conlit-

58 1592 187 1670 mauit.
252 1591 353 1665 Hora
383 1616 414 1665 2
440 1588 688 1685 pomeridiana
720 1590 1046 1667 Reuerendlllrmua
1077 1590 1204 1665 Ablana
1228 1589 1411 1687 Defendite
1442 1588 1600 1688 lepultur
1630 1588 1684 1668 en

57 1712 96 1786 in
123 1710 249 1786 sacello
280 1711 320 1784 Β.
345 1710 390 1786 V.
419 1711 469 1784 lVl.
495 1708 728 1785 officiatorem
761 1710 836 1803 egit
865 1708 1193 1787 Reuereudiffimue
1218 1707 1345 1785 Albas
1369 1707 1683 1845 Dclrleulrulauus.

58 1847 117 1912 ar.
142 1833 225 1931 ‚lura
251 1829 436 1928 Exequiae
458 1830 504 1979 alr
527 1829 659 1906 eodem
682 1818 893 1908 celebratae.

66 2094 69 2099 ·
152 2067 274 2143 Finito
298 2069 370 2143 hoc
404 2066 524 2144 ollicro
554 2064 600 2140 D
626 2065 673 2143 Ν.
698 2065 796 2141 Knrz
825 2010 1062 2143 Landwaibel
1096 2062 1190 2140 solus
1216 2063 1355 2142 acceffit
1385 2064 1429 2141 R.
1454 2067 1492 2140 P.
1518 2064 1681 2164 Priorem

57 2186 195 2285 templo
220 2188 467 2282 egredientem
498 2197 627 2283 petens
651 2185 735 2289 ejus
759 2183 974 2283 alloquium,
1017 2196 1129 2282 utque
1152 2184 1311 2282 aliquem
1329 2200 1382 2260 ex
1407 2184 1575 2261 Patribus
1607 2187 1680 2264 Ca·

55 2304 269 2403 pitularibue
301 2308 420 2381 secum
451 2304 640 2402 acciperet
702 2305 774 2389 Qui
796 2315 879 2380 tum
904 2306 1128 2400 praesentem
1163 2304 1203 2377 P.
1234 2303 1453 2380 Vdnlricnnrr
1471 2305 1589 2381 lecum
1607 2382 1609 2387 ,
1624 2305 1680 2382 ire

55 2425 166 2522 iniit,
204 2437 313 2522 atque
334 2448 488 2501 cumen
513 2446 556 2498 ac
580 2423 624 2497 D.
651 2425 748 2498 liurz
771 2423 811 2499 in
836 2422 1101 2520 hynocaustum
1125 2422 1360 2498 recreationis
1381 2423 1561 2501 coucelfit.
1609 2422 1679 2502 Vbi

55 2545 121 2620 illo
146 2545 294 2621 nomine
324 2543 406 2630 DD,
431 2524 639 2618 officialium
663 2543 911 2643 Austrincorum
936 2541 1093 2618 breuiter
1116 2540 1313 2638 proposuit,
1351 2542 1503 2619 miratos
1521 2540 1565 2616 'se
1589 2542 1689 2633 effes

53 2664 153 2764 quod
176 2686 224 2737 ex
248 2673 348 2759 parte
374 2660 581 2737 Mouasterii
606 2661 697 2736 nihil
730 2662 812 2757 ipsre
837 2662 1040 2736 indicatum
1063 2660 1174 2735 fuerit
1200 2684 1318 2758 neque
1342 2663 1391 2735 de
1413 2672 1533 2738 morte
1557 2661 1679 2739 Reue-
1713 2739 1726 2748 ,

53 2782 249 2859 reudlffimi
280 2778 331 2854 D.
351 2778 506 2856 Abbatie
530 2780 710 2861 defuaui,
755 2800 877 2874 oeque
897 2781 948 2854 de
973 2777 1147 2853 elestime
1171 2779 1258 2852 noui
1283 2780 1458 2861 Abbatiar
1499 2801 1588 2861 cum
1622 2792 1688 2856 ta·-

55 2925 141 2978 men
169 2914 299 2975 notum
322 2897 383 2981 sn.
420 2896 519 2994 quod
550 2896 778 2973 Serenillima
813 2896 955 2972 Domus
987 2894 1174 2972 Aullriaca
1199 2893 1416 2992 habentius
1451 2898 1674 2991 aduocatiae.
1811 2916 1815 2921 ·

55 3021 281 3116 Quapropter
304 3015 327 3090 fi
351 3015 587 3114 quidcontra
610 3015 697 3092 illud
716 3015 786 3115 Jue
807 3015 943 3094 latium
966 3012 1096 3102 luerit,
1128 3014 1313 3111 protestari
1336 3014 1371 3092 le
1396 3016 1545 3094 nomine
1569 3018 1678 3094 Prae·

50 3139 212 3216 letturae
235 3136 454 3214 Aullriacae.
1088 3186 1091 3191 -
1442 3146 1473 3173 ·‘

152 3372 348 3473 Respondit
380 3373 428 3449 R.
451 3372 617 3448 P.'Prior
640 3370 745 3447 lateri
769 3376 840 3448 noi
868 3384 976 3468 atque
1007 3370 1116 3469 probe
1145 3369 1233 3447 scire
1265 3370 1364 3471 quod
1391 3393 1442 3446 ex
1470 3370 1588 3449 libera
1609 3396 1678 3450 no·
1816 3370 1819 3375 ’

57 3497 127 3572 lira
152 3496 328 3573 eletrione
349 3490 577 3567 serenillima
607 3490 749 3569 Domus
772 3489 958 3566 Aulidaca
987 3502 1072 3565 ante
1102 3512 1218 3564 anuos
1245 3490 1388 3568 circiter
1417 3493 1596 3568 ducentos
1623 3493 1678 3569 ak
1767 3518 1775 3533 ·

53 3614 194 3711 sumpta
225 3616 267 3688 lrt
299 3612 338 3685 io
371 3609 576 3685 lllonasterii
601 3611 834 3686 Aduocatum
861 3611 920 3684 seu
950 3608 1191 3686 Defensorem.
1256 3610 1330 3686 Sed
1363 3611 1401 3685 in
1434 3611 1676 3689 transattiooe

55 3732 143 3809 arni
174 3750 275 3825 1055.
310 3729 478 3826 expreffis
503 3728 624 3805 verbis
654 3728 778 3804 vocari
806 3726 903 3804 hauc
929 3726 1159 3806 aduocatiam
1187 3739 1333 3804 tautum
1351 3730 1553 3832 simplicem:
1580 3754 1675 3830 quae
1735 3778 1737 3784 ι

54 3866 137 3929 tum
170 3850 365 3927 lecundum
392 3848 488 3946 Juris
513 3850 667 3945 peritos:
712 3859 793 3922 tum
819 3847 981 3923 maxirne
1001 3872 1052 3924 err
1086 3848 1362 3925 Conlematorio
1391 3850 1604 3927 Perdiuaudi
1633 3851 1692 3928 ll.'

54 3994 151 4048 anno
181 3977 284 4061 rung
312 3968 408 4042 clare
432 3966 654 4065 explicatur,
695 3968 795 4064 quod
820 3969 1034 4044 Aduocatua
1062 3968 1122 4043 vel
1140 3967 1310 4065 quiaquia
1338 3965 1459 4042 locum
1487 3968 1675 4047 Aduocatl

54 4075 176 4178 tenet,
202 4088 476 4188 fimnnnjlrrr'rnn
499 4089 663 4185 requiret..
689 4095 856 4160 teneatur
879 4085 1139 4163 monasterium
1164 4086 1317 4160 fideliter
1338 4096 1524 4181 protegere
1547 4089 1586 4165 δι
1608 4091 1675 4166 de·

54 4211 225 4288 sendere:
268 4204 489 4303 irrequifitus
511 4229 598 4284 vero
622 4203 714 4281 nihil
738 4200 923 4280 adtentet:
953 4203 1070 4281 molto
1093 4205 1215 4281 minua
1240 4203 1351 4281 vllam
1372 4205 1694 4302 superioritatem.

54 4331 112 4409 vel
139 4328 237 4405 alind
266 4327 331 4424 Jus
356 4324 417 4400 iub
442 4333 631 4424 praetextu
655 4323 879 4400 ll'duocatiae
904 4320 967 4398 fibi
992 4336 1133 4420 arroget
1158 4322 1257 4399 nullo
1281 4325 1414 4411 modo,
1428 4332 1698 4427 quocumque*

20 4477 27 4487 ·
53 4448 203 4524 nonnae
227 4443 396 4543 adpellari
421 4441 491 4518 fine
512 4441 709 4538 excogitari
729 4443 849 4543 polit,
880 4443 942 4516 sub
970 4465 1085 4540 poena
1109 4442 1371 4539 Indignationis
1399 4444 1673 4542 Imperatoricae

54 4569 93 4647 dr
122 4590 182 4661 30·
208 4567 415 4663 Mercatura
439 4562 540 4711 Arari
566 4561 659 4662 puri,
716 4562 959 4677 Quapropter
986 4583 1103 4661 quum
1132 4586 1193 4639 ex·
1213 4565 1286 4647 hoc
1316 4562 1422 4641 titulo
1447 4563 1675 4667 Aduocatiae

1118 4742 1124 4757 .
1160 4748 1163 4753 .
1583 4684 1677 4761 1111111
