3736 5160
151 172 224 313 aea
338 168 343 177 ’
748 213 1170 305 emmone

150 391 311 492 „pressa,
346 413 439 488 quae
463 386 679 482 srgrrilioant,
713 389 852 466 horem
880 393 914 466 se
942 393 1062 465 derruo
1086 387 1202 464 ultum
1232 383 1319 471 ell'e.
1353 390 1463 483 atque
1486 376 1714 460 fortissumum
1733 376 1770 452 st

152 511 455 598 ..munitiffimum
480 507 661 593 Castrum,
697 510 796 606 quod
820 521 907 582 aute
937 531 1074 585 anuum
1098 506 1258 589 circiter,
1298 526 1364 600 pro
1392 504 1554 581 maxima
1580 502 1644 578 sna
1677 514 1781 576 com·
1860 606 1863 611 Ι

152 632 365 719 „moditate
389 627 518 702 bellica
537 626 714 701 sabaudus
737 638 963 712 extruxerat,
995 628 1031 704 ui
1051 626 1247 724 occupasse.
1297 624 1359 702 Sic
1383 624 1535 699 refertur
1555 644 1625 721 par
1643 619 1734 719 pari.

248 821 529 920 Proposrtiouem
554 817 705 895 nomine
735 816 964 917 Imperatoris
994 820 1033 897 r'n
1059 818 1212 897 Conritiis
1237 817 1389 904 fatiam.
1429 817 1604 893 ordinum
1639 812 1821 913 respon·

152 942 340 1034 „sionem
372 936 630 1035 &majestatis
653 937 737 1013 suae
764 936 958 1037 replicem,
982 937 1136 1012 libenter
1168 936 1342 1031 legerem
1381 935 1404 1011 sl
1428 936 1465 1011 in
1488 936 1613 1013 reditu
1637 934 1835 1011 uberta

155 1064 239 1153 „rio
273 1085 358 1136 meo
389 1056 641 1142 commiseris,
683 1077 759 1132 rem
795 1056 886 1131 milri
920 1067 1064 1152 gratam
1095 1056 1238 1133 seceris
1313 1055 1371 1132 De
1402 1058 1442 1133 P.
1463 1053 1602 1155 Julio
1591 1074 1630 1128 tu
1671 1052 1848 1129 result:⁴⁰

154 1194 348 1280 „tempore
374 1177 466 1252 nibil
492 1175 611 1250 audio
664 1177 818 1251 Annon
842 1175 1081 1250 rediturusm
1106 1175 1189 1248 isias
1219 1175 1374 1273 partes?
1426 1177 1474 1250 Et
1495 1176 1587 1251 baec
1613 1173 1855 1273 facienao

154 1301 301 1391 „nostra
325 1296 473 1395 antiqua
499 1292 697 1373 considenti
721 1295 992 1369 consuetudine.
1066 1294 1167 1368 Deus
1192 1296 1394 1372 uobiscum
1458 1296 1535 1370 Ora
1556 1317 1626 1390 pro
1654 1316 1715 1371 me
1730 1281 1858 1369 md

147 1421 317 1511 „Putem
350 1421 389 1495 dr
419 1417 511 1489 bene
534 1411 632 1508 valel
698 1412 816 1489 natae
845 1415 893 1489 ad
919 1415 959 1494 S·
983 1411 1131 1491 Gallum
1158 1437 1193 1509 5
1224 1416 1294 1514 Ap.
1319 1414 1432 1495 Arum
1455 1428 1517 1507 98.
1542 1412 1605 1495 Fr.
1627 1411 1857 1499 Berua-

153 1540 257 1645 „dus
280 1536 408 1614 Abbaa
432 1532 471 1611 S.
497 1531 604 1611 Galli.

250 1718 375 1816 Quum
399 1727 509 1824 igitur
543 1725 722 1822 Georgius
747 1724 786 1801 iu
813 1723 908 1809 hoc.
951 1747 1060 1825 quem
1095 1722 1171 1826 ipse
1196 1727 1334 1824 primm
1358 1724 1533 1824 ingressus
1562 1725 1722 1816 sumat.
1754 1722 1862 1803 sd

155 1838 243 1927 lutis
267 1847 413 1928 tramite
436 1858 559 1923 tantos
594 1844 727 1943 ubique
755 1845 942 1922 seruatores
971 1845 1128 1930 videret,
1166 1848 1293 1943 majori
1319 1846 1521 1926 stimulatus
1555 1844 1690 1944 spiritu
1714 1859 1858 1921 nor·

157 1979 302 2046 tanturn
333 1991 354 2041 a
383 1968 499 2061 rigore
525 1961 633 2041 semel
663 1963 819 2062 subepto
841 1962 934 2041 nihil
964 1964 1117 2054 remisrt‚
1157 1967 1217 2041 sed
1240 1967 1362 2060 potius
1388 1967 1425 2041 in
1447 1967 1528 2041 dies
1553 1976 1712 2045 memte
1734 1966 1859 2041 ln*

156 2078 342 2164 cremento
367 2086 480 2162 auxit.
530 2083 726 2180 Praecipue
749 2083 869 2172 cauit,
917 2107 964 2158 ne
990 2082 1134 2160 Fratres
1156 2086 1383 2184 pedetentim
1404 2083 1604 2162 sollitudini
1635 2087 1678 2165 dr
1709 2084 1860 2162 ceta

155 2207 214 2283 lae
247 2202 383 2281 adsueti
412 2202 646 2303 frequentiori
687 2227 773 2280 cum
818 2202 1031 2311 secularibus
1063 2206 1341 2290 consuetudine,
1390 2216 1454 2280 aut
1491 2205 1600 2281 fastis
1641 2212 1861 2305 W

158 2325 348 2403 itineribus
373 2324 412 2399 in
440 2334 600 2401 veterem
624 2321 852 2417 sangumem
883 2322 1130 2417 &Ignauiam
1157 2320 1410 2402 relaberentur.
1473 2322 1728 2403 nlumimnrn
1751 2326 1866 2405 d(

18 2452 37 2465 ’“
158 2443 485 2523 Reuereudiffimus
521 2441 702 2516 Dominus
733 2440 890 2547 ρῗοιιηπα
925 2441 1110 2540 Stephanus
1145 2444 1316 2520 Ferrarius
1346 2444 1542 2545 Episcopus
1576 2446 1619 2523 dr
1649 2442 1783 2521 Comes

158 2561 391 2646 vercellensrs
430 2562 471 2639 S.
511 2560 557 2635 s).
596 2560 644 2638 N.
684 2561 731 2636 ad
769 2561 807 2635 S.
840 2559 1049 2637 Caesaream
1082 2561 1308 2658 Majeliatem
1346 2562 1514 2639 Nunnius
1554 2562 1782 2661 A-postolicus

165 2708 196 2762 r.
221 2680 444 2779 Septembris
469 2704 565 2754 anuo
591 2685 696 2756 rdob.
719 2678 788 2753 has
808 2681 859 2756 ad
885 2678 1064 2755 Abbatem
1090 2683 1249 2757 nostrum
1272 2680 1465 2778 perscripsit
1480 2681 1647 2757 litteras:
1679 2683 1785 2771 „Ad-

152 2804 316 2894 '‚,modoa
339 2799 524 2877 Reuermde
549 2796 651 2875 Puer
673 2798 814 2876 Abdus!
850 2797 1057 2874 Rurereadus
1080 2807 1119 2898 q)
1151 2798 1309 2905 Journal
1332 2799 1550 2877 Eberlarras
1573 2802 1618 2877 de
1640 2802 1786 2903 Most

152 2920 385 3017 ',‚Religiosus
403 2918 578 2995 Professus
604 2919 707 2995 vestrl
725 2918 865 2994 ordinis
891 2919 1084 3017 reperitur,
1114 2921 1299 3008 mundio,
1323 2921 1360 2995 in
1377 2916 1445 2994 isso
1468 2920 1711 2999 paternitatis
1729 2944 1789 2999 ve·

161 3042 282 3130 „strae
311 3037 545 3121 Monallerios
584 3039 683 3113 hunc
711 3039 844 3123 videri,
896 3039 934 3115 dr
965 3037 1097 3136 alloqui
1121 3038 1221 3135 cupit
1245 3039 1327 3134 ejus
1354 3039 1466 3115 Soror
1490 3026 1658 3117 Domina
1683 3017 1787 3122 Auno

162 3158 341 3267 „ffirlr'unu
365 3156 585 3258 Berslomsso
608 3178 657 3231 ex
680 3158 857 3246 slmllatt,
882 3180 976 3255 quae
1001 3156 1134 3255 Fragor
1156 3157 1313 3243 habitat,
1348 3181 1444 3256 quae
1473 3170 1600 3234 tamen
1616 3176 1705 3259 ‘quo
1724 3163 1787 3237 mi·

164 3302 265 3369 „uus
297 3279 411 3353 isrbuc
441 3275 701 3373 proficiscatur,
739 3278 778 3354 dr
808 3276 918 3352 uariis
947 3277 1100 3361 morbis,
1139 3276 1257 3375 iisque
1278 3278 1521 3375 quotidianis,
1559 3279 1601 3355 dr
1629 3280 1714 3355 asiis
1729 3279 1780 3376 ju·

154 3424 186 3487 ·„
195 3395 259 3473 stis
283 3398 331 3474 de
360 3395 475 3470 causss
507 3394 715 3491 impeditor.
797 3394 985 3482 Defidero,
1025 3408 1065 3468 vt
1092 3396 1305 3472 Admodum
1338 3398 1555 3473 Reuerentia
1579 3398 1780 3475 Paternitae

162 3516 307 3607 „velira
344 3515 502 3589 eundem
540 3512 712 3617 Jouunem
745 3512 976 3589 Elrrrsordum
1008 3513 1158 3612 Prugum
1190 3516 1332 3601 mittat,
1377 3530 1417 3591 vt
1445 3513 1525 3609 esus
1557 3514 1679 3594 'sorori
1715 3542 1784 3593 nou

163 3634 324 3723 „leuiter
361 3630 556 3717 laboranti,
604 3633 642 3709 dr
675 3632 777 3707 illum
813 3632 935 3709 videre
966 3632 1206 3728 perruperat,
1256 3634 1353 3708 banc
1390 3632 1681 3713 consolationem
1716 3660 1786 3711 non

163 3756 362 3848 „deneget
425 3750 534 3825 Hanc
551 3750 655 3826 enim
681 3750 1056 3850 gratiampromereri
1083 3752 1229 3828 uidetur
1247 3750 1430 3846 iugulatis
1454 3750 1604 3841 Pietas,
1647 3755 1787 3851 Religio

164 3895 236 3962 „ac
266 3895 410 3948 morum
449 3868 636 3954 honestas,
680 3870 813 3969 quibus
850 3883 1050 3945 memorata
1085 3868 1169 3945 illus
1205 3870 1299 3946 soror
1333 3870 1496 3947 maxime
1527 3876 1626 3970 apud
1657 3895 1786 3959 ornnes

162 3992 479 4081 „commendatus
527 3988 692 4070 Curabo.
733 4001 772 4065 vt
805 3989 899 4062 iutra
920 4002 1067 4085 tempus
1102 4011 1124 4063 a
1156 3992 1199 4065 R.
1225 3991 1447 4065 Paternitate
1483 3990 1596 4067 vesira
1623 3992 1786 4089 praescri·

157 4114 350 4202 ',‚bendum
370 4110 423 4183 ad
455 4107 722 4183 monasterium·
739 4120 986 4193 rubertum„
1035 4107 1115 4203 Ego
1144 4107 1169 4183 sr
1190 4130 1266 4206 qua
1295 4108 1333 4183 in
1357 4132 1398 4185 re
1421 4108 1476 4182 illi
1502 4112 1703 4205 gratilicrui
1729 4136 1786 4210 po·

161 4247 260 4317 tero,
287 4230 449 4303 libenter
472 4226 620 4302 saulam.
690 4226 838 4303 Interim
868 4225 989 4302 eidem
1016 4226 1225 4303 felicitatem
1249 4232 1287 4305 dr
1313 4227 1545 4325 prosperrima
1569 4254 1787 4333 quaequea

156 4348 393 4443 praepotenti
420 4345 501 4419 Deo
527 4333 665 4443 piecor.
712 4345 858 4446 Preger.
924 4346 1103 4425 Vestrae
1096 4348 1296 4425 admodum
1325 4344 1565 4425 Reuerendae
1586 4352 1784 4429 Paternita·

158 4468 211 4545 tis
230 4466 372 4544 sindros
375 4464 410 4541 ss
413 4485 497 4540 mus
519 4474 589 4537 etc.

205 4657 613 4750 wlfflmfflm
1728 4565 1785 4645 M
