3736 5160
730 198 1150 293 *ww*
1311 180 1333 210 ²
1704 156 1750 289 sa
1806 198 1810 205 ’

160 374 258 454 stione
285 396 328 450 ac
353 375 602 456 benedistioue
627 379 858 459 reconditum
883 378 1004 456 sedulo
1029 391 1137 485 atque
1163 379 1376 457 inuiscerato
1399 379 1543 476 virtutis
1571 378 1632 453 sue
1651 371 1746 452 reui-
1806 447 1816 459 .

159 496 198 573 sat
211 494 344 611 rffeuu,
368 497 406 574 ἀ
430 520 499 572 nos
521 496 635 575 immo
655 498 776 576 locum
803 498 864 595 qui
885 496 1045 575 vitalem
1071 498 1185 575 tutele
1216 522 1259 575 ac
1283 499 1405 574 salutis
1435 497 1551 575 nostre
1580 496 1744 573 continet

158 614 331 691 thesaurum
360 637 408 689 ex
428 616 503 691 alto
521 616 710 715 respiciens
733 618 775 693 io
803 615 1009 712 suffragium
1035 617 1152 695 nollre
1175 613 1406 716 proteslionis
1440 619 1487 694 de
1510 618 1642 694 throno
1667 637 1744 689 rna·
1848 704 1851 709 Ι

158 731 259 831 purus
284 733 387 810 mitis
407 733 442 809 se
475 734 513 812 dr
536 737 668 813 blanda
690 736 891 823 submittat,
919 751 959 814 vt
982 736 1126 835 mitiget
1149 740 1255 814 nobis
1278 762 1300 812 a
1321 738 1450 813 diebus
1474 736 1603 820 malis,
1635 737 1672 812 dr
1690 733 1745 809 fa·

159 853 209 930 ciat
236 876 304 928 nos
327 852 453 930 videre
480 855 561 931 dies
590 859 705 933 bonos
734 856 772 931 in
804 880 916 951 reguo
942 869 1067 933 eterne
1091 842 1275 933 claritatis
1338 857 1539 933 Necessario
1579 848 1747 948 igitur&
1775 932 1778 939 ,

156 972 233 1049 nobb
250 971 448 1062 incumbit,
474 989 515 1052 vt
539 974 629 1051 sides
653 975 761 1052 nostri
788 977 983 1054 famulatus
1016 976 1191 1072 ungulari.
1210 977 1258 1053 ad
1283 975 1391 1074 ipsius
1419 976 1597 1051 honorem
1625 986 1746 1070 gratu·
1837 1016 1840 1021 ·

154 1087 258 1169 huone
278 1092 467 1181 intendat,
492 1117 562 1192 que
581 1106 714 1190 pretium
741 1100 952 1193 redemptionis
973 1095 1132 1172 humane
1155 1097 1224 1172 toti
1250 1098 1389 1173 mundo
1405 1096 1599 1195 propinans
1619 1094 1659 1171 &
1683 1114 1749 1189 ge·

102 1292 105 1297 ,
148 1214 280 1290 nenlem
310 1212 385 1311 Xpi
419 1211 618 1290 cultoribus
660 1239 709 1292 ex
747 1214 913 1310 virginali
945 1227 1047 1292 vtero
1081 1216 1280 1292 refundens
1308 1215 1549 1301 medicinam,
1587 1218 1672 1290 nabis
1703 1210 1744 1289 in
1791 1262 1794 1269 «

142 1328 228 1431 ipius
256 1335 421 1410 muodo
444 1336 595 1434 sauguine
620 1334 751 1433 pignus
779 1334 851 1434 spei
864 1328 914 1412 ¹³&
941 1359 1059 1411 arram
1080 1334 1194 1433 gratie
1221 1336 1394 1435 praestitit
1417 1333 1650 1433 corporalem.

64 1576 77 1589 “
205 1571 339 1671 ltaque
378 1593 427 1645 ne
458 1571 558 1669 supra
587 1573 683 1651 dista
711 1583 787 1651 tam
819 1574 939 1651 nostra
975 1596 1088 1670 quam
1120 1574 1272 1653 fratrum
1306 1573 1505 1649 nostrorum
1534 1568 1744 1650 constitutio

127 1690 231 1793 aliqua
266 1691 366 1789 quod
402 1688 488 1767 abst
512 1691 549 1766 in
583 1692 767 1790 posterum
793 1694 1016 1789 negligentia
1039 1692 1246 1789 obsolescat,
1282 1692 1339 1769 vel
1366 1705 1511 1790 torpore
1552 1694 1740 1789 depereat,
1831 1716 1836 1734 ἴ

116 1812 251 1913 placuit
274 1810 349 1887 toti
378 1809 538 1908 capitulo
564 1810 600 1888 in
627 1813 881 1889 executionem
907 1813 1017 1910 hujus
1049 1811 1121 1899 rei,
1155 1836 1229 1887 nou
1257 1811 1426 1889 coaslicie
1451 1812 1509 1887 sed
1539 1806 1742 1890 voluntarie

113 1934 266 2011 deman
290 1931 406 2020 nobis
435 1952 500 2029 pro
528 1929 627 2026 figno
658 1932 943 2009 confirmationis
968 1935 1071 2017 dare,
1111 1932 1207 2009 &se
1236 1931 1430 2027 spontaneo
1456 1944 1543 2008 voto
1567 1928 1637 2007 Dei
1665 1925 1739 2004 filio
1767 2004 1771 2022 ,

111 2052 153 2130 bt
179 2050 268 2149 ejus
294 2050 414 2127 sanile
437 2049 544 2125 matri
565 2050 741 2146 obligare,
781 2066 821 2128 vt
845 2053 944 2150 quod
966 2050 1073 2126 semel
1104 2073 1151 2125 err
1166 2048 1357 2126 'sententia
1390 2051 1502 2125 libero
1529 2049 1619 2126 sedit
1643 2044 1738 2124 arbi·

115 2170 216 2257 trio,
239 2178 314 2245 non
338 2168 443 2266 polsrt
468 2170 559 2247 vltra
585 2169 741 2279 conuelli
764 2169 822 2245 sed
850 2181 972 2246 ratum
1004 2169 1259 2268 perpetualiter
1285 2168 1325 2247 dr
1346 2168 1573 2248 immutabile
1597 2190 1739 2268 perma-

118 2296 224 2379 neat,
242 2296 312 2384 nec
325 2290 519 2388 qnisquam
537 2288 576 2365 id
597 2287 673 2365 stne
697 2286 834 2386 magno
849 2289 1145 2387 preuaricationis
1170 2303 1295 2379 reatu,
1320 2291 1358 2368 dr
1378 2289 1500 2385 anime
1520 2291 1580 2367 sue
1597 2286 1736 2388 pericu·

115 2406 151 2485 lo
169 2432 419 2509 corrumpere,
440 2422 508 2487 aut
533 2434 599 2509 pro
619 2410 740 2509 aliquo
761 2409 926 2487 scandalo
947 2408 1159 2489 labefactae
1170 2410 1362 2510 presumat.
1412 2410 1511 2487 Huic
1527 2409 1637 2505 igitur
1648 2432 1736 2483 con·
1774 2501 1785 2511 ,.

114 2528 309 2607 unedoni
329 2553 399 2607 uos
423 2527 636 2607 innomine
658 2529 808 2606 Domini
833 2530 941 2606 nostri
967 2529 1048 2629 Jesu'
1070 2528 1151 2606 ΧΡΙ
1182 2532 1382 2630 supremam
1402 2530 1632 2628 imponentes
1656 2551 1735 2629 may
1778 2522 1785 2543 '
1857 2536 1861 2543 '

120 2670 211 2725 nuru.
261 2649 449 2727 Omnibus
473 2652 536 2748 qui
561 2648 742 2750 presentes
765 2672 851 2727 cum
880 2648 951 2724 hec
977 2650 1216 2725 statuerentur
1236 2652 1454 2735 extiterunt,
1488 2651 1546 2726 vel
1571 2649 1634 2748 qui
1658 2644 1734 2746 post

122 2792 177 2845 uos
207 2768 325 2845 futuri
357 2781 467 2847 erunt
493 2770 661 2846 timorem
688 2768 759 2843 Dei
790 2770 829 2846 dr
866 2769 1045 2845 cautelam
1078 2769 1280 2849 animarum
1318 2769 1460 2845 suarum
1498 2781 1584 2844 aute
1607 2766 1733 2843 oculos

73 2872 77 2883 ¹
126 2887 298 2985 pninrns,
333 2890 373 2968 dr
400 2890 527 2968 testem
555 2889 611 2964 eis
638 2900 747 2985 atque
778 2894 984 2965 exaltorem
1008 2887 1185 2984 Spiritum
1218 2889 1392 2966 Saustum
1419 2887 1668 2971 adhibemus,
1691 2899 1733 2962 vt

129 3005 219 3087 idern
238 3007 436 3106 sponfiouis
462 3010 522 3085 sue
544 3031 615 3109 qua
642 3006 722 3082 Deo
744 3006 892 3102 obligati
920 3018 1091 3083 tenentur
1120 3010 1330 3096 attendant,
1360 3009 1399 3086 &
1431 3007 1490 3105 pie
1516 3004 1731 3084 deuocionis

64 3160 71 3259 p
131 3122 357 3229 holocaustum
387 3131 487 3228 quod
510 3129 548 3204 in
572 3127 749 3203 honorem
771 3125 842 3203 Dei
864 3125 1061 3203 Genitricis
1087 3124 1275 3204 accensum
1299 3114 1366 3216 est,
1402 3128 1628 3224 refrigescere
1654 3147 1730 3203 nou

133 3247 324 3339 lennittant
347 3244 438 3323 srcut
463 3245 714 3345 scriptumest.
764 3244 861 3340 lguis
879 3245 918 3319 in
937 3245 1056 3321 Altari
1082 3268 1166 3325 meo
1191 3250 1327 3342 semper
1351 3247 1515 3337 ardebit,
1535 3270 1646 3347 quern
1661 3268 1731 3321 nu·

64 3468 66 3475 Ι
134 3364 199 3443 niet
222 3368 388 3444 hcerdos
410 3365 585 3443 subiciens
606 3366 704 3461 ligna
721 3388 831 3441 mane
850 3368 889 3444 ἀ
909 3365 1062 3460 'vespere
1114 3365 1219 3450 Quod
1246 3363 1482 3465 srquisquam
1508 3365 1749 3464 posterorum·

64 3524 66 3557 l
134 3482 335 3565 &manure
360 3488 538 3563 restorum
566 3485 679 3582 hujus
707 3483 861 3562 Cenobii
891 3481 992 3559 tedio
1021 3485 1078 3563 vel
1103 3484 1324 3581 negligentia
1355 3484 1532 3582 tepescere
1571 3485 1726 3585 ceperit,

132 3605 175 3681 rel
194 3606 310 3685 eciam
347 3605 389 3683 hi
416 3605 481 3705 qui
505 3628 605 3681 nunc
629 3603 744 3701 presio
769 3603 968 3687 habentur,
1013 3602 1157 3681 deseshr
1192 3604 1306 3681 animi
1340 3603 1399 3684 vel
1424 3603 1727 3682 murmuraciouis

64 3706 77 3815 '‚
131 3723 201 3803 titio
225 3726 410 3812 vacillare,
453 3733 520 3800 aut
546 3724 777 3820 impudenter
802 3720 994 3820 sponsionis
1026 3718 1087 3797 sue
1110 3722 1344 3813 immemores
1372 3724 1502 3800 resilire
1529 3725 1726 3815 volueriut,

65 3836 68 3843 ’
128 3866 181 3925 nos
196 3845 370 3946 juditium
391 3844 537 3923 Summi
564 3841 633 3918 Dei
659 3840 722 3941 qui
741 3839 883 3936 judicat
909 3838 1110 3950 equitatem
1129 3840 1167 3919 in
1188 3845 1312 3921 medio
1339 3843 1557 3922 collocamus
1587 3854 1629 3921 vt
1651 3843 1725 3942 ipse

126 3960 237 4044 ineos
262 3968 327 4069 qui
352 3979 478 4043 contra
503 3963 573 4038 hec
603 3961 735 4037 statuta
764 3958 1053 4057 pusillanimitate
1078 3961 1220 4059 decepti
1240 3964 1363 4040 venire
1383 3964 1643 4062 temptauerint
1667 3965 1722 4040 di·

124 4080 219 4165 iride
239 4082 559 4164 animaduersionis
582 4079 796 4160 sententiam
820 4080 930 4164 serat,
957 4086 992 4157 dr
1014 4078 1206 4158 brachium·
1219 4081 1368 4159 ultionis
1391 4096 1557 4160 exertum
1577 4085 1723 4172 habeat,

123 4217 334 4305 nubemque
359 4199 680 4282 misericordiarum
718 4222 827 4296 quarn
860 4197 1036 4296 despicere
1062 4213 1172 4298 atque
1208 4194 1391 4305 offende‘re
1426 4226 1501 4279 non
1532 4215 1721 4291 verentur,

121 4324 264 4425 asperam
288 4327 485 4424 semper&
510 4318 766 4398 inexorabilem
786 4317 825 4392 in
849 4318 1112 4396 neceffiutiuus
1135 4318 1209 4431 stris
1234 4319 1445 4410 inueniant,
1478 4322 1592 4422 sitque
1617 4323 1672 4400 eis
1696 4347 1722 4401 a

120 4458 205 4538 patre
224 4449 263 4528 δι
278 4446 356 4523 filio
371 4440 558 4545 &Spiritu
572 4439 705 4518 Sentio
721 4436 787 4515 nih
802 4436 1020 4539 resipiscant,
1041 4449 1254 4541 perpetuum
1270 4440 1477 4521 anathema.
1501 4443 1636 4523 Arnen

1581 4679 1722 4762 Verum
1819 4798 1823 4803 Ι
