3742 5160
274 320 288 339 „
544 258 549 269 ·
687 186 1112 309 &aemalae
1139 190 1167 340 η’
1663 200 1730 331 ἡ,

88 404 146 471 aut
172 391 198 468 fi
227 391 391 478 diceret,
422 387 610 466 manilelle
629 388 755 467 falsum
780 391 936 479 diceret,
961 404 1002 468 vt
1022 413 1110 468 mox
1130 388 1285 490 patebit,
1312 387 1425 487 quid?
1450 388 1548 490 quod
1564 388 1601 466 u
1617 385 1714 463 clau·

85 516 193 591 llrum
219 508 438 590 monialium
454 512 623 600 Albaniam
645 510 984 608 nocatAnonymus
1000 511 1133 597 noster,
1160 511 1243 589 vide
1263 509 1362 605 supra
1380 512 1411 600 l.
1433 532 1486 585 11.
1501 531 1537 582 n.
1556 529 1589 599 5.
1617 506 1713 603 sepe·

86 633 141 710 liri
174 654 263 727 ergo
299 640 444 727 poterat
479 628 611 704 Guelfo
631 627 673 704 ll.
715 628 755 705 in
786 633 924 708 Allaria
950 627 1151 729 Altorffenfi,
1177 641 1373 728 antequam
1399 633 1536 751 dilatio
1553 627 1712 707 virorum

89 754 189 830 lieret
207 750 456 830 Altdorffium.

179 1015 216 1067 2.
239 989 445 1090 Vtrumque
473 1014 521 1065 ex
551 987 766 1064 Hermanno
792 987 985 1067 Contrallo
1008 1010 1198 1077 eruamus,
1241 1011 1284 1065 ac
1315 987 1452 1087 liquido
1480 987 1713 1068 diffiniamus.
1819 994 1821 998 ‘

93 1107 128 1185 ls
158 1132 274 1209 qutun
307 1109 445 1188 Aultor
473 1108 732 1206 synchronus,
765 1109 820 1187 &r
839 1106 977 1206 aliquot
1006 1109 1186 1185 duntaxat
1217 1108 1339 1185 leucas
1369 1107 1537 1184 Altorffio
1577 1109 1714 1223 diffitus

89 1227 193 1316 ellet,
219 1228 407 1324 ignorare,
430 1252 524 1327 quae
544 1228 582 1302 in
601 1226 743 1304 Viciuia
761 1239 987 1322 gererentur,
1011 1251 1085 1305 non
1108 1239 1259 1325 poterat
1314 1229 1372 1304 Ex
1397 1227 1453 1304 Eo
1478 1251 1563 1304 uero
1584 1227 1715 1305 scimus

92 1353 128 1442 r)
153 1347 324 1442 Welfonem
344 1349 389 1424 II.
414 1348 533 1425 obiille
553 1359 639 1422 ante
659 1369 796 1422 anuum
828 1355 930 1439 1036.
959 1347 997 1423 dc
1027 1354 1064 1443 2)
1088 1348 1389 1426 Santlimoniales
1415 1347 1487 1423 hoc
1510 1345 1583 1443 ipso
1602 1349 1714 1424 Anno
1859 1334 1866 1341 ⁸

89 1467 295 1543 etiamnum
324 1465 363 1542 in
385 1466 501 1561 Altos
518 1467 721 1543 consedille.
768 1466 885 1564 Ipsum
905 1466 1118 1543 audiamus:
1161 1470 1407 1543 sanctimoniales
1436 1467 1480 1552 t?
1504 1468 1640 1541 Domino
1664 1469 1715 1541 Ir·
1757 1475 1801 1561 ‚¹

89 1588 259 1682 nengordo
285 1585 376 1679 Wolf
395 1609 547 1664 contris
572 1604 703 1663 vinus·
717 1590 796 1682 opud
812 1586 928 1682 Altorf
937 1605 994 1683 pro
1017 1590 1142 1664 donis
1162 1589 1293 1664 cotun
1303 1589 1400 1682 sunt,
1425 1584 1483 1661 ad.
1506 1593 1715 1678 ann.1036.

88 1705 189 1780 Edit.
217 1704 335 1780 Cauil.
356 1704 481 1803 Antiq.
501 1709 599 1782 Lea.
622 1696 731 1782 TomJ
743 1704 770 1780 1.
820 1705 922 1789 Quae
944 1705 1093 1804 quidem
1117 1706 1226 1782 verba
1250 1704 1391 1782 tametsi
1409 1694 1607 1782 obscuriora
1629 1702 1730 1803 fiat,

92 1825 128 1900 id
147 1837 277 1910 tamen
297 1823 382 1901 satis
396 1826 490 1903 clare
510 1826 686 1908 innuunt,
712 1823 862 1901 lmiaam
881 1848 927 1900 eo
949 1848 1044 1903 anno
1066 1825 1142 1919 jam
1167 1826 1297 1901 Vrdunn
1315 1824 1433 1910 soille,
1464 1843 1550 1917 ,ergo
1574 1822 1716 1903 Welfus

94 1945 241 2034 obierat.
292 1945 403 2021 Item:
429 1944 731 2022 Santlimoniales
749 1941 970 2020 Altorfenses
988 1944 1105 2038 colligi
1130 1943 1293 2041 coepille,
1308 1942 1515 2038 reculasque
1536 1942 1616 2019 suas
1630 1967 1717 2021 con·
1800 2035 1804 2039 ¹

94 2064 238 2146 eulalie,
266 2064 429 2140 abiturae
446 2086 530 2141 cum
553 2063 711 2139 Domina
730 2063 979 2155 Irmengarda,
1004 2061 1042 2138 &
1064 2061 1218 2137 cellurae
1239 2061 1362 2138 locum
1381 2061 1555 2148 clericis,
1589 2062 1716 2154 idest,
1810 2150 1814 2154 ,

94 2181 290 2258 Monacbis
318 2179 741 2269 Altmonasterienlibus,
772 2202 858 2276 ergo
881 2188 968 2256 ante
995 2179 1136 2260 obitum
1159 2179 1339 2260 Welfonis
1366 2184 1532 2259 nondum
1561 2181 1717 2261 dilceffe·
1767 2183 1786 2245 τί

94 2315 193 2392 tant,
218 2302 280 2380 l'ed
297 2328 366 2381 nec
377 2303 498 2405 postea
513 2325 602 2382 mox
617 2301 803 2394 abierunt,
829 2298 1048 2378 obueniente
1063 2320 1291 2402 quocumque
1308 2303 1456 2381 tandem
1472 2302 1660 2384 obstaculo.
1696 2359 1699 2362 <

194 2569 230 2641 3.
257 2543 354 2628 Quid
376 2541 529 2621 multis?
554 2540 744 2640 reciprocis
767 2542 974 2622 trattatibus
1003 2541 1099 2619 circa
1120 2541 1295 2620 bonorum
1322 2544 1633 2625 Permutationem
1662 2571 1717 2627 ra·

98 2667 145 2743 tis
171 2663 412 2763 perfellisque
438 2663 512 2762 ipsa
532 2664 683 2739 tandem
700 2661 910 2757 lomigratio
932 2683 1029 2737 anno
1055 2685 1157 2760 1047·
1186 2663 1278 2739 latta
1304 2663 1364 2737 eli.
1412 2663 1523 2741 Hunc
1544 2667 1718 2774 Annum,

99 2787 191 2861 citra
211 2784 364 2860 dubium
400 2775 447 2858 ex
473 2780 604 2861 tabulis
627 2775 1072 2869 altomonnsterienfibns',
1104 2782 1296 2858 adnotauit
1317 2782 1529 2881 Wiguleius
1547 2785 1718 2868 Hundius

98 2890 290 3001 llletropol.
313 2901 486 3000 Salisbun
508 2924 586 3000 pag.
611 2913 666 2984 81.
699 2900 861 2998 dicitque
887 2924 970 2977 eam
989 2901 1263 2977 translationem
1290 2900 1419 2978 fallam
1451 2903 1547 2978 circu
1566 2905 1719 2988 Annum
1748 3002 1753 3008 ,

103 3046 207 3124 1047.
229 3023 319 3100 alias
345 3046 449 3122 1057·
468 3023 571 3098 -forte
587 3045 662 3096 non
686 3020 771 3095 satis
794 3042 935 3097 memor
957 3019 1128 3108 Numeri,
1152 3043 1261 3120 quem
1283 3020 1396 3094 oculis
1416 3021 1487 3119 ipse
1508 3021 1580 3098 suis
1605 3050 1720 3124 quon·
1815 3009 1832 3018 ”

99 3148 186 3223 dam
199 3143 351 3239 legerat,
366 3142 465 3218 hunc
482 3141 712 3239 posteriorem
726 3151 918 3216 numerum
935 3140 1182 3238 imprudenter
1196 3137 1346 3214 timidus
1361 3142 1511 3217 addidit.
1564 3143 1722 3228 Omnem

100 3265 206 3344 nobis
231 3262 437 3360 scrupulum
467 3258 596 3337 eximit
625 3258 953 3341 Reuerendiffimus
980 3261 1159 3356 Georgius
1193 3259 1335 3346 Abbas,
1375 3272 1550 3358 quantum
1574 3265 1719 3345 Nomen

102 3379 452 3479 Weingartenfibus!
478 3379 586 3475 cujus
605 3379 725 3457 Verba
744 3380 790 3453 ad
805 3379 961 3475 Apicem
982 3378 1055 3454 huc
1071 3377 1286 3456 exscribam:
1315 3379 1422 3454 Miror
1442 3394 1463 3454 o
1489 3382 1627 3477 Wr'guleo
1640 3363 1733 3486 post·

102 3521 168 3581 turn
183 3500 282 3603 suffe
313 3501 609 3599 (subdubitanter
630 3499 799 3598 quoque)
831 3499 960 3584 Arnum
990 3520 1093 3598 1057.
1123 3523 1191 3576 curn
1214 3505 1248 3575 in
1279 3497 1467 3599 Monosterio
1499 3500 1718 3607 Attomunster‚

101 3627 180 3703 unde
206 3621 363 3718 Wignltus
374 3621 437 3717 sun
454 3617 590 3720 accepzffe
612 3622 752 3703 videtur,
777 3624 811 3693 ln
833 3640 930 3693 uoco
958 3640 1202 3706 cnarrvunru,
1227 3621 1281 3692 obl
1302 3618 1338 3690 de
1362 3615 1565 3700 Translottene
1587 3627 1641 3698 luc
1661 3634 1719 3702 olt-

103 3747 172 3842 quc'd
189 3759 326 3817 notatum
343 3744 400 3842 est,
417 3742 517 3838 solun
536 3755 678 3836 apportat
694 3736 805 3834 polrus
822 3740 934 3813 Annus
953 3738 1065 3812 MXL
1071 3739 1152 3812 VII.
1177 3762 1233 3834 quo
1255 3743 1375 3812 eirenen
1403 3752 1532 3834 ternpore
1557 3744 1721 3836 uerofimite

103 3869 139 3966 ιβ
152 3863 275 3959 fullon
294 3859 347 3958 effe
364 3865 597 3934 translationem.
648 3858 765 3933 Immo
785 3854 949 3929 historica
972 3878 1020 3930 ex
1038 3857 1126 3930 Fide
1146 3881 1220 3932 non
1240 3856 1316 3952 jam
1336 3854 1551 3940 verosimile.
1575 3859 1635 3938 sed
1658 3889 1719 3945 ex÷

103 3983 269 4084 peditum
289 3980 414 4076 judico
437 3978 535 4053 hunc
557 3980 639 4055 sane
658 3974 810 4051 Annum
829 3985 928 4049 certo
951 3972 1273 4068 ligitranslationis
1291 3974 1404 4051 fattae
1419 3976 1562 4052 debere.
1612 3982 1722 4064 Hunc

105 4103 203 4180 enim
234 4098 378 4177 tabulae
403 4094 804 4181 AllomonasterienleS,
836 4090 935 4167 hunc
961 4090 1073 4169 etiam
1108 4091 1247 4168 nostrae
1278 4091 1503 4169 Domesticae
1531 4097 1723 4196 aliquoties

105 4219 336 4320 adscripsere,
369 4217 463 4294 duae
484 4216 520 4291 in
544 4215 687 4317 publico
714 4213 813 4296 loco,
847 4210 1079 4310 Hypooausto
1105 4209 1275 4291 videlicet
1302 4211 1516 4287 recreatorio
1543 4215 1723 4322 suspensae

103 4330 395 4420 Translationem
424 4338 592 4413 adhunc
619 4354 721 4432 1047:
746 4333 899 4410 Annum
925 4330 1103 4419 referunt,
1147 4325 1262 4428 quid?
1295 4331 1392 4425 quod
1422 4329 1466 4405 R.
1498 4331 1539 4406 P.
1567 4335 1723 4434 Jacobus

70 4552 81 4564 ἱ
105 4459 255 4539 Schelrh
278 4456 362 4533 Ord.
388 4456 425 4532 S.
450 4453 649 4531 Saluatoris
671 4452 920 4529 Altomunster
940 4450 1099 4527 Prior&
1119 4448 1496 4541 Conlcllorgeneralis
1517 4450 1554 4527 in
1577 4459 1723 4539 Catalo.

106 4601 153 4676 go
172 4575 439 4667 Abbatillarum
470 4573 638 4672 praeditti
660 4572 866 4650 lllonasterii
898 4573 1076 4647 Hiltrnden
1106 4592 1202 4646 anno
1233 4569 1304 4647 hoc
1331 4565 1534 4667 ipl01047.
1554 4571 1631 4666 jam
1652 4581 1724 4657 ffljc

984 4690 1016 4768 C
1118 4724 1124 4733 ·
1256 4725 1348 4801 Q
1591 4720 1726 4801 „prae-
