3736 5160
658 116 1095 288 *scamma
1176 234 1179 241 ·
1449 220 1452 225 ⁹
1629 203 1700 279 1⁵9
1739 154 1747 169 ’

104 376 254 456 nedum
243 340 282 453 m
303 376 518 464 parochias,
559 397 713 475 quarum
738 372 894 451 collatio
930 373 977 449 ad
1012 320 1269 452 bllonasterium
1296 372 1476 472 pertinet,
1515 366 1697 465 ingerere,

100 496 300 590 Prnfinubur
321 501 484 598 pastoricia
509 504 623 572 namsi
650 495 876 580 nitebantur,
913 493 973 569 sed
1003 484 1134 574 &alia
1153 493 1240 595 Jura
1267 494 1464 589 infringere
1483 472 1695 566 tentabant.
1713 498 1722 557 ·,

96 630 200 694 rtuero
228 616 487 694 Monallerium
519 616 595 691 duo
622 613 846 710 Diplomata,
883 614 1040 703 alterum
1070 637 1167 691 anno
1202 636 1308 713 1430
1349 615 1503 705 alterurn
1535 632 1638 708 1434
1673 628 1697 680 a

94 737 306 835 Slgismundo
329 739 579 813 Romanorum
606 737 706 831 Rege
728 733 935 821 obtinebat,
964 733 1107 833 -quibus
1128 735 1235 811 nobis
1258 736 1382 810 omnia
1405 732 1508 831 Jura,
1553 725 1696 828 priuile

92 858 153 956 gia,
175 858 448 957 libertatesque
475 879 497 931 a
519 856 848 932 praedecessoribus
877 852 947 931 suis
969 853 1093 928 asserta
1123 854 1327 929 asseruntur.
1387 853 1436 930 Et
1464 864 1503 929 vt
1526 848 1696 925 Defenso-

91 1002 136 1058 rer
165 975 382 1054 Monalierio
415 989 542 1050 contra
565 976 734 1052 inimicos
759 974 842 1050 suos
866 976 912 1050 ad
939 973 1035 1047 latus
1060 972 1192 1060 essent,
1233 974 1268 1049 ls
1291 958 1362 1071 ipse
1389 973 1507 1072 Jacobo
1540 967 1696 1067 Doprserc
1730 1056 1737 1065 Ι

57 1102 60 1107 ’
90 1104 198 1177 tuere
223 1095 387 1189 Procae
409 1103 576 1193 vicinisque
599 1100 789 1172 ciuitatibus
813 1097 961 1183 mandat,
992 1092 1143 1170 utillud
1166 1105 1273 1170 curura
1299 1114 1399 1170 omnes
1425 1113 1605 1190 quecunque
1629 1089 1694 1161 Im·

46 1242 49 1247 ·
88 1230 228 1320 posuer,
250 1216 371 1311 fiu'oc
393 1204 519 1314 inpetu
541 1225 659 1293 nombre
684 1214 902 1301 defendant,
929 1228 1037 1312 atque
1061 1213 1248 1311 ipsensium
1273 1218 1316 1302 δ’
1334 1222 1518 1312 prusegr'a,
1552 1211 1695 1306 pesquct

89 1332 375 1451 rlAnsecefforibus
400 1336 655 1432 munenibus,
682 1337 820 1433 Regibus
843 1357 878 1411 uc
902 1341 973 1412 atus
997 1337 1072 1410 dara
1096 1338 1138 1422 ἐξ
1160 1333 1288 1432 courcfflr
1308 1337 1400 1433 sumt,
1427 1343 1610 1410 tueantur.

159 1575 345 1673 Scriptum
384 1573 445 1649 lob
475 1574 548 1651 hoc
578 1570 723 1652 Abbate
752 1573 933 1652 Libellum
963 1574 1011 1650 de
1045 1534 1291 1661 lnrmitaticne
1324 1573 1456 1651 Christi
1491 1573 1693 1657 habemus,

87 1722 174 1803 quem
196 1720 247 1772 ex
270 1696 341 1769 bac
362 1696 554 1792 praecipue
574 1695 715 1770 ratione
740 1695 901 1777 adduco,
933 1695 1032 1790 quod
1056 1695 1194 1771 caussae
1218 1692 1431 1794 Xempensrs
1455 1691 1603 1770 Patroni
1627 1712 1693 1763 an·

86 1820 258 1921 dqumrem
283 1812 457 1891 hactenus
484 1813 640 1912 proferre
668 1814 806 1889 nullum
831 1815 1026 1909 potuerint
1068 1818 1191 1893 Nam
1214 1816 1299 1904 iste,
1338 1837 1447 1914 quem
1472 1802 1693 1909 Kempisrani

87 1954 238 2039 tanquam
263 1933 541 2031 Autographum
570 1935 778 2029 venditant,
802 1935 883 2011 otto
910 1934 1062 2012 omnino
1081 1937 1189 2012 annis
1212 1934 1297 2009 est
1281 1935 1422 2031 junior,
1446 1932 1574 2008 nostro.
1624 1928 1693 2007 Vt·
1726 2038 1730 2045 ἢ
1825 1998 1835 2029 .·.

39 2044 42 2049 ’
88 2078 156 2159 pote
179 2080 291 2159 quum
322 2053 385 2131 ille
415 2053 624 2130 Monosterii
649 2052 918 2132 canonicorum
950 2055 1228 2152 Regularium
1217 2077 1255 2129 m
1298 2057 1426 2133 Monte
1462 2053 1500 2129 S
1537 2046 1694 2148 Agnetis

90 2202 182 2289 μορε
205 2174 393 2253 Suuollam
421 2170 509 2248 teste
529 2171 681 2250 Eusebio
710 2172 844 2249 Amort
868 2197 948 2272 pag.
975 2202 1057 2274 242
1093 2199 1191 2252 auno
1221 2177 1273 2253 Μ.
1296 2174 1437 2252 CCCC.
1458 2172 1550 2250 XLI,
1574 2169 1693 2247 noster

98 2312 195 2379 autem
212 2297 260 2373 Μ.
274 2292 418 2372 CCCC.
430 2293 589 2371 XXXIII.
614 2291 763 2392 scriptus
783 2293 835 2370 fit.
903 2296 1035 2373 Codex
1058 2307 1183 2374 autem
1210 2296 1328 2374 noster
1355 2292 1606 2371 chartaceus
1593 2315 1633 2368 ιο
1657 2305 1693 2377 8.

93 2420 145 2505 Μ,
172 2430 240 2495 tres
278 2414 417 2517 priores
450 2414 560 2491 libros
591 2415 850 2512 complodens,
888 2415 1030 2492 insine
1062 2418 1287 2514 delegitur.
1329 2419 1547 2514 expracruer
1571 2421 1688 2489 interne
1826 2452 1832 2461 ·

84 2542 276 2633 arctoam
290 2536 407 2631 finibus
430 2559 508 2611 amre
533 2536 605 2609 Dni
630 2534 788 2611 MOECC.
808 2536 971 2612 XXXIII.
986 2538 1122 2636 secunda
1136 2539 1227 2635 ferio
1248 2547 1320 2640 oruc
1334 2535 1454 2631 felium
1476 2533 1686 2634 rrffiemptserrr‘s

80 2662 150 2747 bate
171 2662 311 2753 Virginis
329 2656 436 2732 Mario
453 2674 510 2754 per
533 2680 580 2729 mc
592 2654 732 2747 fratrem
749 2656 920 2731 &maduo
939 2658 1107 2756 Elersperg
1137 2672 1211 2737 tunc
1235 2664 1379 2756 conpos
1402 2662 1624 2739 ramosarum
1650 2655 1689 2727 lrr
1746 2713 1749 2717 .

79 2781 258 2877 upana
286 2777 377 2851 alius
412 2799 553 2873 quoque
586 2775 703 2849 codex
735 2777 991 2853 membraneus
1024 2778 1089 2854 sec.
1113 2781 1208 2858 xtu.
1247 2778 1286 2854 in
1301 2775 1377 2854 sol.
1408 2775 1532 2851 exstat.
1574 2794 1689 2871 penes

72 2926 152 2988 nos,
177 2895 475 2975 Commentarios
496 2896 533 2970 in
555 2894 751 2969 Decretum
774 2895 939 2970 Gratiani
959 2898 1178 2987 ‚contmens,
1213 2899 1252 2973 in
1280 2895 1386 2992 cujus
1411 2896 1532 2973 sronte
1552 2893 1687 2992 juniori

68 3046 174 3103 manu
195 3016 412 3113 adscriptum
439 3013 612 3110 legimus:
653 3014 754 3087 iren
775 3013 817 3104 est
839 3014 1041 3107 -llscnoslerr'r‘
1063 3026 1097 3091 r'a
1133 3015 1336 3113 Wrngcrtan,
1375 3038 1461 3111 qum
1487 3017 1687 3090 Reuereodur

65 3146 159 3222 nur
182 3137 345 3247 paens
371 3136 484 3210 aare
506 3133 634 3233 cmeffc
658 3128 735 3208 neu
758 3135 894 3211 omaro
915 3141 1001 3213 arem
1025 3138 1227 3214 warum
1248 3123 1379 3213 unua
1402 3138 1447 3225 θ
1470 3137 1595 3212 mura
1620 3135 1687 3211 ra-

63 3263 140 3358 rlrfic
160 3270 196 3339 ia
219 3261 344 3354 Sulgera
393 3294 446 3311 —
1786 3244 1802 3265 ‘

19 3572 22 3577 .
151 3540 204 3557 -
251 3494 432 3573 Aedilicia
457 3495 518 3572 sub
551 3495 695 3570 Abbate
724 3493 864 3592 Joanne
886 3495 1063 3573 Blaurero
1086 3493 1250 3571 suscitata
1273 3438 1366 3572 haec
1394 3493 1569 3573 suuntur:
1610 3492 1685 3573 Cr·
1778 3456 1783 3463 '

54 3621 153 3727 pella
175 3618 217 3705 S
238 3616 481 3700 Catharinae,
496 3598 545 3693 'dr
571 3614 691 3702 locus,
721 3639 794 3714 quo
821 3618 1005 3714 quondam
1032 3614 1260 3694 Bibliotheca
1287 3614 1402 3694 stetit-2
1442 3614 1525 3691 Duo
1551 3638 1683 3691 coena·
1835 3648 1838 3653 ·

19 3810 23 3815 .
53 3743 158 3830 cula,
182 3739 245 3815 seu
264 3735 468 3813 Resetioria
494 3739 560 3826 (vt
581 3736 744 3835 vocant)
770 3734 957 3821 Fratrum,
997 3736 1150 3813 alterum
1171 3758 1236 3831 pro
1259 3735 1410 3823 aestate,
1440 3738 1596 3812 alterum
1619 3758 1684 3832 pro
1754 3752 1757 3757 ·

10 3960 12 3965 Ι
47 3862 217 3963 hyeme:
241 3854 500 3935 Vmbracuium
532 3854 566 3927 iu
595 3855 711 3931 Aula:
746 3856 906 3942 Domus,
945 3881 1016 3956 qua
1042 3854 1200 3952 Opifices
1227 3857 1265 3933 dr
1282 3856 1406 3931 famuli
1435 3857 1680 3954 prandebantc

46 3988 229 4067 tremum
257 3999 344 4052 cum
374 3975 465 4049 celia
495 3973 631 4052 vinaria
658 3998 768 4072 prope
796 3974 980 4072 Capellam
1007 3975 1050 4051 Β.
1075 3973 1255 4070 Virginis:
1292 3975 1447 4071 piscinae
1476 3976 1613 4073 aliquot
1642 3972 1682 4051 in

42 4102 226 4189 Pomaria
246 4096 407 4173 effossae:
436 4093 527 4170 scala
552 4095 710 4192 lapidea,
737 4118 809 4193 qua
837 4120 884 4170 ex
907 4097 1039 4194 oppido
1065 4088 1295 4170 Altdorffenli
1323 4095 1361 4170 in
1386 4082 1563 4190 templum
1588 4092 1681 4169 mul·

42 4230 100 4311 tis
124 4220 298 4323 gradibus
324 4218 560 4294 adscenditur.
619 4216 740 4312 Caput
766 4215 877 4291 etiam
907 4216 966 4290 seu
988 4215 1109 4313 potius
1135 4214 1289 4290 statuam
1323 4215 1549 4301 atticotos,
1589 4235 1704 4309 quae=
1775 4292 1802 4315 f

24 4344 160 4431 'soum
185 4340 385 4419 Audorem
410 4339 481 4414 hac
509 4335 737 4433 inscriptione
766 4334 905 4434 prodit:
955 4334 1050 4412 Aaou
1077 4338 1207 4410 Domui
1232 4333 1284 4408 Μ.
1310 4338 1422 4410 CCCC.
1444 4336 1574 4429 XXIII
1605 4347 1679 4434 pre

42 4464 263 4566 &mest
291 4458 345 4538 boc
367 4477 444 4560 epar
469 4476 527 4559 per
549 4461 743 4536 renonum
767 4455 897 4535 Patrem
924 4460 1083 4535 Drmrucn
1107 4450 1284 4556 Jatom
1310 4456 1423 4531 uren
1445 4452 1536 4557 lupus
1566 4463 1678 4535 unalis

354 4628 357 4633 ·
1571 4575 1680 4661 Aila·
