3736 5160
72 40 78 87 l

72 242 76 361 ᾗ
691 214 1130 340 emmanue
1661 257 1730 338 115

72 424 77 463 ⁵
130 437 190 505 reiro
213 430 379 524 principale
408 430 508 501 utare
535 420 673 518 cesten
700 419 824 500 chonon
849 402 1017 500 cantant=
1032 420 1076 501 ri.
1100 422 1179 525 Jefir
1210 413 1324 526 clnpe
1352 427 1403 521 qru'
1421 413 1562 524 poffitnn
1585 404 1732 527 ademisti
1836 460 1866 485 -·

125 558 223 649 propter
250 569 316 621 aer.
368 544 411 623 ir.
437 540 900 646 Quiproplretlrcprompfifli:
929 556 1319 619 numeratorum.
1381 543 1425 621 ir.
1450 544 1516 643 Qui
1538 543 1674 641 rrpnnfir
1696 550 1730 619 iu

126 690 192 744 nece
220 670 361 740 manuus
388 664 515 752 maalle·
533 672 646 739 omnm
670 669 711 739 od
734 677 764 739 te
779 666 893 761 secale.
944 663 994 738 Et
1017 675 1179 743 comentur
1202 686 1265 761 per
1284 664 1354 739 hos
1377 662 1531 760 ungulos
1555 674 1629 741 tres
1651 685 1730 740 ver·
1813 736 1819 747 ,

87 788 167 863 ·lus
197 785 396 885 respondet.
456 785 553 878 Kprtr
578 787 690 882 elersen.
751 780 867 877 cbrqle
893 786 1006 879 eleison.
1068 785 1168 885 liprr'e
1195 787 1307 879 elrfier.
1356 781 1402 863 ti.
1431 784 1563 859 Dareine
1595 785 1732 884 nrism

79 898 83 909 '
123 912 199 984 niis.
245 905 335 980 rid
359 914 528 1002 quarucm
560 928 644 980 vero
675 902 885 981 versiculum
919 905 958 979 id
979 904 1048 979 eli:
1106 905 1180 980 Vota
1214 912 1246 978 in
1269 912 1349 998 lr‘gno
1367 912 1500 981 morbur
1525 904 1666 997 infernus
1693 925 1735 977 ea

122 1029 202 1123 arlia
222 1027 403 1124 despoliatur
451 1066 501 1080 -
550 1023 623 1098 line
655 1027 751 1121 Kyrir
779 1026 881 1117 cleison
908 1023 1106 1121 subjungit:
1144 1020 1279 1129 Crustas
1307 1028 1446 1101 dontinus
1471 1025 1577 1117 sottus
1599 1026 1640 1120 esl
1665 1028 1731 1099 obe·

91 1150 188 1223 ,dors
211 1168 310 1241 usque
336 1148 379 1217 ad
404 1154 540 1218 momen.
609 1146 690 1228 Quo
720 1145 823 1220 linito
847 1148 1048 1241 procumbunt
1073 1148 1160 1241 fieper
1184 1144 1309 1240 formas
1338 1148 1376 1223 dr
1400 1170 1422 1223 a
1444 1145 1589 1240 singulis
1607 1146 1668 1242 fiel
1684 1140 1732 1236 fi·

118 1272 192 1342 uro
217 1264 353 1340 dicitur
367 1274 512 1339 tautum
538 1268 687 1340 dominico
711 1273 811 1341 morio
834 1288 917 1341 cum
938 1265 1019 1361 psal.
1046 1265 1192 1360 lldtsrrerc
1214 1273 1282 1340 enei.
1334 1264 1448 1361 Signo
1477 1265 1569 1343 fallo
1590 1264 1732 1342 adom·

72 1474 77 1485 ι
118 1408 152 1461 uo
173 1384 323 1461 Abbate
348 1385 548 1478 amurgam,
572 1384 736 1483 fultaque
763 1388 1000 1486 cirrrrmflexlonc
1030 1388 1077 1462 de
1107 1384 1188 1459 loco
1219 1410 1293 1462 uon
1322 1397 1517 1462 mouentur
1541 1406 1733 1485 quousque

72 1526 76 1535 ’
119 1512 199 1585 ben
234 1506 462 1602 repercutietur.
537 1504 639 1581 Tunc
662 1504 818 1583 accenlis
850 1530 913 1608 per
949 1505 1113 1583 custodes
1133 1513 1276 1593 *melu
1300 1508 1450 1601 juranum
1479 1528 1608 1583 omues
1642 1513 1743 1587 eune·

122 1625 317 1704 lormitum.
394 1623 472 1699 Post
499 1622 640 1701 exitum
669 1627 821 1703 fratrum
851 1629 901 1702 nil
928 1625 1078 1702 luminis
1106 1627 1320 1725 relinquitur
1341 1626 1379 1701 in
1412 1623 1579 1712 eccleliae-
1600 1624 1648 1702 'dc
1680 1623 1733 1698 ita

115 1770 162 1847 per
183 1751 268 1823 durs
299 1747 398 1819 nollo
423 1746 591 1841 sequentes.
659 1747 804 1824 Aurora
830 1748 922 1823 bene
944 1757 1156 1844 apparente,
1202 1759 1242 1826 vt
1270 1748 1338 1821 alio
1361 1747 1499 1822 lumine
1526 1756 1600 1821 uon
1638 1741 1734 1820 indi·

114 1880 229 1965 piatur
243 1866 343 1967 scilla
367 1865 414 1939 ad
442 1864 593 1961 primam
615 1890 805 1965 parumper
832 1866 986 1943 sonatur.
1048 1864 1192 1941 Leuant
1222 1867 1256 1942 le
1282 1867 1412 1943 fratres
1447 1867 1494 1943 de
1515 1864 1634 1951 lestis.
1669 1871 1733 1940 ool·

113 1996 186 2063 enit
206 1988 243 2086 se
270 1986 498 2061 milurnolr'brr
525 1993 746 2075 calciamentis,
773 1986 942 2064 festinant
966 1988 1012 2062 ad
1034 1984 1237 2074 ecclesiam,
1270 1987 1510 2083 procumbunt
1536 1986 1637 2085 super
1661 1985 1733 2061 for·

114 2128 192 2185 uas
218 2106 267 2181 ad
291 2103 512 2180 oracionem.
588 2107 669 2201 Qua
696 2109 813 2181 donec
843 2109 973 2183 fratres
999 2105 1222 2182 conueniunt
1249 2110 1442 2205 protracta.
1474 2108 1567 2183 fauo
1591 2105 1733 2201 fignoa

119 2224 241 2325 priore.
286 2242 329 2320 ¹!-
355 2226 516 2321 Repleur't,
541 2224 772 2303 mediocriter
795 2227 1010 2327 imponitur,
1035 2225 1202 2324 quamuis
1227 2227 1348 2325 psalmi
1367 2235 1510 2305 tmere
1528 2238 1732 2312 cantentur.
1788 2282 1791 2286 .

117 2346 173 2447 q'ui
198 2344 314 2420 eciam
344 2346 390 2419 arl
423 2344 550 2435 boras,
589 2358 704 2446 usque
739 2349 786 2423 ad
813 2347 1005 2423 secundam
1042 2346 1173 2422 sabbati
1199 2347 1379 2447 vesperam
1415 2372 1497 2423 ruore
1524 2355 1734 2425 romuleorum

112 2456 384 2544 coemendi:
429 2463 511 2540 Post
537 2465 791 2563 Antiphonem
819 2469 976 2568 sequitur
1000 2467 1152 2565 Antiph.
1180 2470 1309 2564 Exurge
1331 2474 1447 2545 danlae
1496 2509 1545 2525 -
1600 2468 1734 2565 absque

112 2588 203 2685 lnce
228 2587 337 2681 &ason
386 2625 435 2641 -
500 2587 597 2662 Pater
622 2592 716 2689 noller
740 2590 778 2666 δι
801 2592 886 2662 medo
914 2597 947 2666 in
972 2591 1068 2687 deum.
1136 2588 1165 2663 F
1166 2591 1242 2666 alio
1275 2588 1371 2686 figno
1403 2591 1445 2667 iit
1473 2589 1639 2667 confellio
1671 2607 1735 2684 per

113 2712 187 2807 leros
209 2707 250 2783 dt
276 2709 376 2790 linos,
428 2704 635 2801 adjungitur
670 2708 731 2786 sub
758 2708 896 2784 silentio
925 2710 1007 2808 psal.
1041 2708 1189 2803 lustrare
1210 2718 1287 2798 mel,
1332 2710 1371 2787 dt
1400 2710 1484 2815 linis
1514 2712 1565 2787 est
1595 2709 1734 2808 primet

114 2828 154 2905 Et
183 2830 240 2903 ita
270 2826 319 2899 ad
344 2824 502 2922 reliquas
536 2826 655 2903 boras.
737 2828 879 2904 Omillrs
915 2841 1040 2906 autern
1069 2831 1194 2927 psolrnr'r
1212 2828 1426 2923 sanctioribus
1460 2830 1630 2906 dicuntur
1650 2826 1733 2905 Vll.

115 2946 232 3047 plalmi
256 2946 325 3037 line
340 2952 449 3039 glorio
460 2951 550 3041 parri
571 2947 705 3023 letania
726 2949 966 3047 consequente
992 2972 1074 3024 cum
1093 2948 1261 3023 omnibus
1286 2951 1509 3046 appendiciis
1529 2949 1611 3025 suis.
1653 2949 1735 3032 Qua

118 3088 193 3145 orm
214 3068 358 3171 dourburr
379 3070 536 3139 vobiscum
561 3064 599 3142 δι
629 3050 836 3143 recederemus
861 3069 982 3157 linita,
1005 3069 1066 3166 qui
1090 3067 1167 3145 vult
1194 3068 1330 3144 millam
1357 3071 1394 3143 dc
1419 3074 1467 3144 dle
1490 3073 1529 3150 dc
1553 3069 1621 3164 stne
1643 3073 1736 3144 umi-

119 3212 150 3263 α
168 3195 305 3261 cantat
376 3182 521 3259 Fratres
558 3208 643 3262 vero
667 3191 784 3265 raucone
806 3200 920 3265 cocmt
951 3190 1069 3266 donec
1086 3186 1209 3282 stgrarm
1237 3192 1361 3263 lauandi
1389 3189 1540 3265 audiant
1574 3189 1612 3266 dc
1646 3197 1735 3263 tunc
1796 3183 1805 3194 “

121 3306 226 3384 tribus
254 3301 485 3380 oracionibus
511 3305 660 3382 terciam
691 3310 915 3405 preueniunt
965 3350 1016 3365 -
1065 3349 1113 3365 -
1162 3305 1283 3382 Finita
1313 3308 1426 3383 tercia
1444 3333 1517 3385 non
1540 3307 1659 3386 statim
1685 3306 1735 3383 le-

103 3412 235 3525 'quitur
267 3421 353 3523 ruffe
377 3430 585 3509 nucleolis,
620 3425 680 3502 sed
713 3436 895 3525 capitulana,
937 3428 1007 3507 Vbi
1038 3433 1140 3503 leuare
1160 3426 1447 3504 benedictionem
1472 3428 1601 3522 stlrrrlrr
1617 3441 1737 3527 petente

85 3566 90 3574 ·
123 3544 202 3623 icut
228 3546 275 3623 acl
300 3526 436 3620 collect.
467 3547 504 3622 de
530 3543 566 3617 in
600 3546 787 3624 refellorio
818 3552 1013 3645 precordia·
1045 3550 1090 3635 i?
1117 3554 1184 3624 une
1224 3546 1565 3643 pronunciacionem
1604 3552 1641 3629 dr
1661 3550 1737 3648 sen·

76 3678 79 3683 '
124 3672 241 3741 tmtlcm
271 3669 373 3760 regule
407 3687 478 3761 que
506 3686 553 3736 ex
583 3686 685 3740 more
711 3684 767 3763 per
797 3661 858 3739 irr—
875 3678 940 3741 tres
976 3670 1040 3741 dier
1065 3671 1107 3742 eu·
1131 3673 1258 3761 legitur,
1309 3666 1368 3743 sed
1398 3654 1534 3766 absque
1562 3667 1607 3744 Tu
1635 3680 1737 3745 adem

125 3782 247 3862 finitur.
314 3780 500 3881 Quidquid
527 3781 623 3858 aliud
658 3809 679 3857 a
708 3784 888 3861 sacerdote
913 3785 969 3861 vel
997 3809 1019 3860 a
1044 3797 1230 3861 conuentu
1261 3785 1411 3876 dicitur,
1444 3790 1505 3885 fiel
1528 3787 1646 3879 filoncio
1682 3786 1740 3864 di·

126 3903 219 3982 citur.
295 3901 441 4000 Expofita
480 3906 580 3997 regule
604 3903 761 4000 foetentia
796 3906 1052 4001 pronunciatur
1094 3928 1116 3977 a
1151 3904 1333 3981 Komernrio
1367 3915 1473 4003 quami
1514 3908 1639 4003 fratres
1659 3911 1738 4006 ficol

90 4028 293 4131 ’nemesim
307 4034 346 4095 ut
375 4029 458 4096 torel
473 4026 582 4118 quoque
605 4039 753 4120 puerperas
784 4029 1007 4107 admetiantur.
1041 4023 1243 4121 &insuper
1269 4039 1447 4123 quantum
1482 4028 1595 4106 visum
1629 4027 1739 4103 fuerit

123 4158 172 4239 pro
197 4144 426 4244 familiaribus·
450 4144 493 4229 (ς’
543 4146 649 4214 ornicr's
692 4146 799 4245 nulrit
840 4144 990 4221 domino
1034 4143 1164 4220 abbati.
1239 4142 1322 4241 lpus
1357 4158 1479 4222 autem
1522 4130 1739 4247 pauperibus

128 4262 194 4359 post
221 4261 417 4360 capitulum
456 4284 478 4335 a
513 4259 709 4349 sacerdote,
752 4263 812 4360 qui
842 4264 981 4341 millam
1002 4261 1267 4369 matutinalem
1306 4275 1517 4342 cantaturus
1557 4266 1642 4342 ellet
1679 4286 1740 4342 ca·

120 4392 242 4456 utatur
272 4382 319 4457 ad
358 4379 469 4456 altare
509 4379 547 4455 S.
593 4379 723 4454 Crucis
770 4380 949 4478 adjunctis
986 4381 1114 4480 prioris
1148 4383 1351 4459 ebdomade
1388 4385 1543 4462 diacono
1589 4385 1628 4464 dc
1663 4387 1740 4463 lub-

129 4498 273 4574 diacirno
304 4498 489 4575 dealbatis.
566 4498 635 4582 Qui
671 4511 795 4577 tamen
829 4524 1004 4599 pauperes
1041 4501 1138 4599 prius
1181 4525 1204 4576 a
1240 4507 1349 4576 decano
1377 4510 1462 4592 celle,
1501 4509 1618 4609 castinio
1652 4530 1740 4605 quo·

132 4638 192 4719 que
225 4619 265 4698 &
301 4619 495 4714 drmrsmorr'o
534 4618 639 4695 eletii
677 4621 776 4705 sunt,
834 4644 882 4698 ne
925 4621 1017 4698 tales
1070 4619 1139 4699 sint
1186 4621 1472 4724 aliquommodo,
1509 4625 1591 4733 ,qui
1643 4626 1741 4703 clau·

984 4738 1060 4823 Pa
1631 4747 1741 4827 lbum

123 4952 174 5049 ¹:¹⁴2
256 4984 272 5003 a

94 5076 106 5093 μ
130 5072 136 5083 Ι
146 5044 173 5087 ,1.

169 5100 186 5119 Ἰ
