3736 5160
115 223 189 317 45⁶
720 208 1143 301 emm·

215 398 332 476 Addit
355 395 398 474 R.
418 394 458 472 P.
484 392 624 471 Gobries
647 388 847 476 liezelinus,
882 384 1056 483 quaesibi
1079 398 1169 463 tnnc
1195 385 1422 485 contigerint
1489 390 1715 475 Pdmissarian

118 528 209 595 tu'nc
230 521 352 614 agenti
382 516 472 593 mihi
498 512 708 590 nuntiatum
732 532 816 584 cum
843 506 918 605 jaan
944 508 1060 583 sacras
1087 506 1281 585 indonatus
1305 510 1413 589 essem
1436 511 1571 594 vestes.
1605 513 1717 593 holten

119 662 251 715 omnes
281 637 456 715 coenobii
488 648 613 725 portas
648 633 741 707 artie
764 626 945 703 obfidere:
991 640 1211 727 rogatusque
1234 629 1326 726 quid
1349 630 1468 708 fan-ene
1491 633 1719 731 disponetetol

121 759 317 843 celebrate,
361 757 534 855 inquam,
566 751 683 829 volox·
715 747 959 846 nequeenim
986 747 1139 823 meliore
1165 770 1227 823 me
1258 749 1341 825 loco
1367 750 1526 839 bostem,
1560 756 1722 850 quamn

122 902 223 957 anam
249 875 550 976 deprehensorum
572 871 652 948 else.
723 869 844 943 Sacris
876 867 978 964 proin
1007 880 1176 963 operatus
1191 891 1266 943 non
1283 866 1358 945 stne
1383 869 1548 968 singulari
1573 873 1723 949 Numinis

118 1001 236 1096 gratia
270 996 365 1071 nihil
395 995 620 1071 tentantibus
652 987 801 1064 interim
835 987 1012 1071 hostibus.
1056 987 1287 1084 postmodum
1319 1013 1404 1067 cum
1439 990 1726 1070 Reuereodilsnno

120 1120 166 1195 D.
191 1118 333 1194 Abbate
362 1120 399 1195 do
431 1115 581 1213 reliquis
603 1109 770 1187 Patribus
801 1129 865 1204 per
898 1130 1044 1181 murum
1074 1106 1255 1185 inferioris
1278 1109 1376 1187 honi
1399 1110 1494 1186 euasi
1528 1111 1564 1185 in
1598 1115 1727 1189 nomint

119 1236 291 1316 Domini:
321 1235 452 1311 Suecia
480 1236 517 1308 in
544 1233 725 1310 desemm
756 1252 777 1301 a
803 1227 908 1306 nobie
936 1227 1193 1303 illonasterium
1220 1240 1310 1303 tono
1337 1230 1497 1326 primum
1528 1231 1605 1309 vim
1627 1234 1728 1309 inteo·

118 1358 303 1440 tentibus,
341 1376 426 1429 cum
449 1354 524 1450 jam
554 1374 683 1427 omnes
715 1351 754 1424 in
771 1347 889 1445 syluaa
919 1345 1156 1423 euasissemuo
1206 1346 1292 1422 Fuit
1316 1349 1389 1425 hoc
1413 1350 1610 1435 ultimum,
1650 1354 1729 1449 qnod

119 1475 323 1559 moelcol,
359 1473 398 1548 in
420 1472 639 1550 Mooasterio
665 1470 822 1554 sacrum,
855 1490 939 1542 cum
965 1468 1139 1563 deinceps
1164 1468 1273 1563 longo
1300 1480 1464 1567 tempore
1491 1470 1603 1546 sacris
1633 1476 1670 1550 dt
1695 1474 1730 1546 sa·

118 1594 274 1674 cnsioiis
300 1592 386 1668 esset
405 1592 635 1677 destitutum,
666 1590 705 1667 dt
726 1588 1022 1664 Praedicantibua
1045 1586 1272 1665 Acatholicia
1297 1589 1446 1666 subesset
1473 1589 1607 1666 misere
1626 1595 1665 1671 dt
1681 1591 1731 1668 bo

118 1716 245 1795 uiliter
269 1713 473 1813 direptum,
506 1737 582 1788 non
612 1708 686 1786 fine
704 1706 886 1819 ¹prodigiis
910 1706 1060 1782 subinde
1085 1707 1352 1785 conseruatum.

214 1953 327 2031 Anno
355 1957 460 2043 1635.
483 1947 721 2026 Calamitates
746 1944 891 2023 Patriae
911 1946 1051 2022 nostrae
1082 1944 1201 2045 plnres
1230 1945 1373 2033 intulit,
1400 1952 1514 2046 qnam
1542 1948 1733 2027 enumend

119 2078 160 2155 dt
194 2070 364 2171 explicari
393 2081 541 2169 queant.
629 2067 826 2144 Saeuiebat
850 2068 952 2143 enim
983 2067 1107 2151 mileo.
1158 2068 1375 2163 gadsabatur
1419 2069 1529 2167 pellis
1555 2074 1598 2147 dt
1631 2093 1734 2146 naon

120 2195 283 2271 omnium
314 2190 453 2267 summa
474 2191 608 2266 caritas
636 2188 885 2266 ionalesoebat.
949 2188 1109 2265 Militum
1135 2188 1385 2269 insolentia&
1412 2190 1653 2286 depraedatio
1671 2189 1731 2265 oin

119 2315 323 2411 modosque
353 2332 484 2387 omnes
514 2309 727 2395 accluserat,
778 2332 827 2383 ne
859 2308 916 2383 vel
943 2307 1017 2401 agni
1041 2308 1112 2382 coli
1136 2309 1192 2385 vel
1220 2308 1443 2386 frumentum
1476 2314 1513 2385 dt
1545 2310 1662 2388 aifloi-
1683 2332 1732 2385 na·

97 2432 267 2537 ¹cessaria
293 2429 365 2505 alio
394 2430 526 2506 adoehi
549 2428 695 2527 possent
769 2427 870 2503 Hinc
901 2428 999 2501 same
1028 2428 1196 2522 plurimis
1219 2428 1261 2507 dc
1288 2428 1384 2527 peste
1409 2432 1642 2527 pereundum
1667 2429 1729 2505 snit

122 2554 254 2630 tames
279 2560 385 2627 tanta
409 2559 507 2635 erat,
551 2560 591 2626 vt
617 2547 729 2623 etiam
756 2548 934 2624 cadauera
961 2546 1096 2621 suerint
1122 2548 1241 2624 effossa
1266 2551 1303 2629 dt
1327 2550 1514 2626 denotata.
1594 2550 1730 2651 Alfiatia

120 2672 262 2751 incolae
291 2670 519 2765 magistratus
552 2668 725 2744 acoellere
751 2667 908 2765 petitum
938 2667 1148 2743 facultatem
1173 2668 1370 2749 effodiendi
1390 2671 1578 2747 cadauera
1617 2674 1654 2751 da
1682 2692 1728 2743 co·

120 2790 310 2878 medendi,
335 2791 432 2889 qnod
456 2789 633 2867 bat'tenuo
661 2788 878 2865 inauditum.
944 2787 1112 2891 Augustae
1139 2788 1386 2867 Vindelicontm
1411 2792 1516 2887 pueri
1543 2792 1653 2869 molti
1676 2790 1728 2865 soi·

120 2914 273 3013 reptidz
308 2910 418 2986 amissa
447 2910 551 2995 sont,
589 2908 689 2984 hand
719 2908 826 2985 dubie
850 2907 993 2984 villiano
1017 2908 1099 2985 iasii
1127 2908 1168 2984 in
1196 2911 1351 3007 saginam
1378 2910 1656 2989 lamellioomnn
1701 2909 1728 2984 d

121 3034 238 3113 milite
263 3042 341 3107 tam
371 3029 575 3128 Caesareano
602 3052 713 3127 qoam
739 3026 841 3105 Since
865 3042 1043 3123 quantum
1073 3029 1145 3105 sola
1169 3028 1291 3107 Saenia
1321 3030 1479 3130 perpessa
1505 3031 1572 3119 snt,
1598 3031 1661 3110 vix
1681 3048 1727 3106 u·

81 3196 85 3203 ·
121 3153 228 3256 primi
247 3148 380 3251 potest,
417 3148 549 3227 verbo:
590 3149 723 3248 ubique
755 3146 957 3226 miseria&
979 3146 1180 3226 cataniae

216 3390 349 3469 Annus
379 3396 481 3485 163⁶.
505 3388 624 3488 priore
654 3408 781 3483 pamm
812 3384 966 3470 felicior,
1012 3412 1066 3463 to.
1090 3390 1169 3487 Jan.
1205 3410 1291 3464 enm
1321 3384 1465 3487 equites
1489 3388 1729 3489 Cathaphttdi

125 3514 263 3593 Comitis
292 3510 447 3593 Scissis,
485 3510 549 3608 qui
580 3508 755 3586 hellenus
795 3506 1026 3606 Rutenzspmgi
1062 3513 1100 3588 du
1132 3510 1192 3583 his
1222 3508 1353 3585 vicinia
1386 3508 1421 3582 in
1456 3507 1552 3584 locia
1585 3510 1729 3609 hyberna

119 3642 329 3717 tenuerant,
377 3629 531 3723 satisque
553 3627 743 3701 insolenter
765 3626 800 3700 se
829 3628 1026 3720 gesserant,
1063 3629 1161 3705 abire
1191 3629 1277 3703 binc
1305 3627 1592 3713 mandaennn.
1629 3632 1729 3706 villan

118 3753 277 3830 nostram
312 3747 534 3825 Wezisreutin
561 3745 836 3821 combusserunt.
892 3745 1040 3821 Rustico
1065 3746 1242 3842 cuipiam,
1278 3745 1341 3821 cul
1363 3768 1502 3821 nomen
1534 3746 1659 3849 Boset,
1688 3750 1729 3825 fa

121 3894 207 3951 nem
238 3892 350 3945 voum
385 3867 498 3953 collo,
539 3866 693 3941 alterum
714 3865 882 3941 verendis
915 3867 1076 3962 partibus
1115 3866 1335 3962 injecerant.
1376 3864 1499 3963 ficqoe
1527 3866 1728 3947 horrendum

120 3994 160 4070 in
186 3991 337 4068 modum
364 3986 532 4062 miserum
558 3985 746 4061 hominem
773 3984 987 4061 intolerabili
1007 3985 1131 4062 dolore
1158 3985 1351 4061 hincinde
1373 3996 1588 4077 traxerunt,
1616 4004 1726 4088 utpro

119 4113 316 4212 pemodum
338 4106 613 4181 exanimaretur.
662 4108 886 4182 Generosnm
910 4107 1017 4181 amici
1046 4112 1084 4186 du
1113 4104 1316 4183 Caesariani
1340 4103 1471 4177 militis
1499 4108 1663 4185 lacinus!
1694 4110 1727 4183 da

120 4233 283 4333 pluribus
323 4227 403 4302 aliia
432 4224 605 4301 silendum
639 4224 749 4301 satius
785 4248 897 4323 qnam
937 4229 1146 4304 dicendum.
1213 4222 1330 4308 Quale
1359 4222 1397 4298 id
1435 4229 1539 4324 quod
1576 4228 1726 4330 sequitu:

120 4352 244 4429 Mense
266 4344 363 4441 majo
388 4348 484 4420 duos
510 4345 709 4421 sanerdotea
735 4360 864 4443 captos
890 4346 1091 4425 inhumano
1123 4348 1160 4425 dt
1195 4343 1360 4419 inaudito
1391 4348 1509 4423 modo
1542 4350 1594 4425 ita
1625 4374 1726 4431 exani·
1767 4402 1772 4409 -

119 4471 261 4547 cluant
289 4468 397 4541 abab
423 4464 464 4543 de
491 4465 639 4540 Motae
666 4462 824 4553 milites,
858 4464 949 4541 naec
976 4490 1039 4563 per
1065 4468 1143 4543 ioca
1168 4466 1418 4540 nauseantes.
1454 4468 1497 4544 dt
1525 4468 1724 4571 Hispunoia

123 4588 228 4665 Italia
255 4582 453 4661 militaturi
510 4582 633 4661 Vnum
661 4585 825 4662 medium
850 4607 915 4684 pet
942 4598 1109 4663 ventrem
1132 4584 1225 4661 serra
1250 4582 1510 4665 dissecuerunt.
1567 4591 1656 4667 Deio
1677 4610 1725 4663 an

1633 4710 1721 4785 deso
