3736 5160
706 266 1125 363 eamme·
1657 287 1727 363 rog

137 447 224 549 pridie
256 445 302 522 ad
333 445 429 519 hanc
455 454 619 521 oorarns-
636 443 684 520 de
700 456 837 521 'cetero
871 447 1034 523 sacerdos
1070 466 1153 523 curn
1181 439 1261 520 aliis
1285 440 1322 522 in
1347 446 1490 525 subbato
1518 448 1564 522 ad
1593 444 1726 526 missale
1786 530 1789 535 ,

137 570 246 667 scriptis
274 564 433 642 officium
453 587 523 662 per
558 563 800 641 ebdomadam
837 566 1037 661 perficiunt.
1111 565 1174 642 nd
1200 566 1291 641 duas
1319 566 1436 642 missas
1458 567 1495 643 id
1520 567 1569 642 eii
1594 567 1629 640 in
1651 572 1729 662 godi

137 700 204 763 totu
230 688 267 763 dt
290 686 327 759 in
347 691 450 783 primo
481 704 569 757 mone
591 696 765 759 notantur
802 682 928 780 srnguii
954 684 1154 761 sacerdotes
1189 706 1274 760 cum
1301 685 1448 779 smguiis
1480 686 1649 762 ministris
1678 685 1726 761 ad

64 886 68 897 ,
134 807 247 883 iditum
276 811 425 878 orrnurr'r':
452 801 505 876 ita
533 816 678 889 numen,-
713 815 755 881 vt
782 803 844 901 qui
873 804 911 878 in
933 803 973 877 li.
1000 804 1101 880 missa
1125 802 1328 881 ministrant
1351 806 1489 904 priores
1513 803 1580 880 srnt
1604 806 1641 880 in
1668 790 1729 879 or·

135 926 198 1001 dine
223 924 259 998 in
283 921 490 1020 precedenti
512 921 611 998 missa
635 924 883 1000 seruientibus.
933 923 1102 998 Domnns
1127 925 1217 1000 abba
1255 923 1292 999 in
1318 922 1438 1019 vigilia
1459 925 1621 1015 [eumdem
1641 922 1730 1017 facit

133 1048 504 1140 ncnpindonsiqnontnm
523 1049 685 1135 prodatur.
750 1046 846 1121 Nam
874 1043 912 1117 in
945 1042 1095 1117 crastino
1124 1043 1276 1119 omnino
1298 1049 1384 1118 odra
1404 1048 1531 1140 jodidnn
1558 1028 1726 1141 drruiodur.

129 1202 165 1221 -
187 1200 311 1219 ω·-
344 1157 430 1236 Post
458 1158 656 1258 capitulum
680 1163 719 1240 dr
748 1163 806 1238 Vl.
837 1168 1001 1258 loquuntur
1022 1162 1160 1256 sradrrr.
1225 1161 1338 1256 Signo
1367 1174 1453 1238 ante
1483 1163 1621 1241 missam
1648 1163 1726 1260 pnl-

127 1282 183 1358 nto
210 1288 330 1377 pru'orrr
362 1280 482 1355 versus
516 1279 629 1356 altare
654 1280 689 1356 se
725 1282 866 1358 donant:
915 1280 1078 1381 farraque
1113 1280 1282 1359 oracione
1306 1281 1470 1359 sacerdos
1506 1284 1544 1362 dr
1575 1278 1726 1358 ministri

122 1402 240 1479 neunt
268 1402 316 1476 ad
348 1397 486 1475 misiam
512 1399 701 1488 vestiendi,
727 1403 919 1499 dyaconus
942 1407 1123 1486 dodonico,
1155 1402 1404 1498 subdyaconns
1429 1409 1552 1477 runica:
1586 1401 1648 1500 qui
1671 1413 1727 1477 te·

121 1534 169 1599 net
190 1520 345 1599 chorum
372 1522 409 1597 dr
439 1518 500 1616 qni
523 1532 647 1595 cantat
672 1539 705 1615 ip
729 1524 828 1616 grad.
847 1533 969 1618 cuppis,
994 1522 1032 1600 dr
1053 1520 1077 1595 fi
1102 1520 1153 1607 est
1175 1518 1379 1605 dominica,
1403 1520 1465 1619 qui
1487 1524 1604 1614 dicuin
1624 1543 1728 1595 acce·

123 1642 219 1719 nana
248 1654 339 1716 ante
370 1638 461 1713 aiios
486 1638 623 1720 vestiri,
664 1640 847 1743 impostor
866 1624 976 1717 offleii
1004 1640 1213 1739 priusquam
1248 1662 1399 1736 cappam
1433 1637 1562 1715 induat
1588 1638 1727 1717 mnsam

118 1764 223 1859 puisat.
275 1758 456 1836 Cantores
480 1757 517 1832 in
543 1770 696 1857 vrroqne
726 1761 838 1836 choro
870 1765 910 1836 od
931 1761 1058 1855 formas
1088 1759 1235 1838 viciffim
1252 1761 1351 1858 sirpru
1368 1759 1504 1856 sonores
1531 1760 1565 1835 se
1593 1759 1729 1836 locant.

113 1883 197 1961 dote
217 1880 334 1957 altare
353 1885 480 1975 putoque
497 1872 691 1955 luminaria
716 1881 975 1957 accenduntur.
1022 1879 1198 1956 Introitua
1211 1888 1260 1953 ter
1283 1877 1468 1974 repetitur.
1501 1876 1725 1977 Kprr'rrsossrn.
1844 1948 1849 1953 .

113 2005 243 2079 imur.
267 1996 385 2095 Agnus
406 2001 455 2073 dri
477 1999 565 2075 ficut
584 1992 621 2074 in
650 1998 812 2097 qualibet
831 1999 1014 2077 dominica
1033 1999 1184 2076 canitur.
1236 1997 1350 2075 ouda
1371 2004 1404 2073 io
1428 1996 1545 2092 excesstr
1568 2023 1627 2076 non
1650 2024 1724 2076 cun·

113 2132 212 2225 tuan,
235 2128 323 2195 orioro
337 2117 373 2212 fi
384 2118 432 2213 fit
451 2121 610 2195 dominica.
661 2118 841 2195 cantores
861 2131 947 2195 ante
971 2118 1082 2195 tinem
1110 2118 1209 2196 misse
1231 2141 1305 2195 non
1329 2114 1598 2195 disuestiuntur.
1649 2121 1727 2199 Pax

120 2242 158 2317 ah
183 2263 245 2315 mro
269 2232 351 2314 choro
378 2238 559 2353 recipitur.
606 2240 827 2315 Boudicurnus
855 2243 972 2315 domino
998 2240 1093 2317 ditio
1119 2238 1157 2316 &
1182 2241 1399 2334 deogratias,
1426 2263 1524 2317 nona
1549 2238 1724 2339 pulsatur,

119 2360 198 2441 dd·
221 2356 384 2436 oratione
411 2359 536 2436 sedent
562 2356 688 2435 sratres
713 2358 751 2435 in
778 2355 888 2439 choro
914 2358 1095 2439 ministros
1115 2358 1216 2437 misse
1245 2360 1487 2458 exportantes.

449 2575 542 2663 IN
612 2578 978 2666 SANCT'A
1051 2576 1371 2671 NOCTE.

192 2758 235 2839 ln
261 2758 335 2836 io'n
357 2759 439 2860 node
462 2766 641 2833 minitoris
666 2765 780 2835 domim·
802 2760 1011 2858 priusquam
1041 2762 1272 2855 consurgatur
1301 2761 1348 2837 ad
1372 2762 1566 2839 notinrnos
1592 2766 1722 2856 quotuor
1736 2763 1758 2773 ““

115 2888 175 2960 uros
196 2900 254 2979 per
275 2888 406 2977 quntum
431 2884 557 2972 omnies
586 2882 707 2981 claustri
731 2882 934 2954 accenduntur
954 2883 1074 2992 jugitpr
1095 2904 1190 2977 osque
1210 2889 1244 2954 in
1269 2884 1347 2957 diem
1373 2882 1488 2978 orfirrr',
1516 2889 1640 2975 quintus
1663 2895 1719 2975 po·
1765 2918 1768 2923 ·

116 3010 188 3079 uitur
213 3012 248 3079 sn
277 3003 409 3075 medium
433 3003 587 3073 inumeris.
660 2999 851 3074 Ponuntur
882 3001 918 3073 in
950 3014 1098 3099 utraque
1123 3009 1225 3097 parte
1253 3007 1428 3097 prespiterii
1457 2996 1612 3075 turibula
1633 3021 1719 3075 cum

112 3120 254 3219 pffuions
280 3115 372 3193 sirnrr
394 3141 464 3213 que
497 3119 534 3195 δι
570 3107 658 3192 mox
691 3117 834 3194 incenso
857 3120 1067 3217 consumpto
1093 3120 1315 3194 auferuntur.
1389 3118 1651 3195 Accendunrur
1680 3113 1719 3197 dt

117 3236 239 3317 sumina
265 3248 330 3313 trra
359 3240 405 3312 de
428 3231 502 3327 hiis
526 3238 659 3334 septem
690 3254 761 3332 que
783 3251 869 3313 ante
890 3239 1002 3315 altare
1025 3240 1103 3313 sunt
1125 3237 1236 3335 posita
1260 3240 1296 3315 dr
1321 3247 1409 3312 tunc
1438 3238 1515 3313 vice
1534 3240 1619 3332 scida
1643 3239 1720 3335 pud·

120 3358 221 3439 santur
242 3357 376 3453 omnia,
394 3354 499 3453 signa.
566 3357 742 3443 Quamuis
766 3370 887 3432 autern
917 3358 1097 3432 missarum
1121 3355 1314 3452 solempnia
1337 3367 1386 3428 ter
1411 3354 1479 3430 srnt
1508 3354 1720 3434 celebranda

119 3479 390 3557 tamencantica
413 3458 494 3551 XV.
516 3476 677 3550 Groduum
702 3498 776 3553 non
802 3476 1125 3576 pretermittuntur.
1152 3512 1202 3533 -—
1224 3514 1273 3532 -
1298 3511 1345 3531 ι·
1382 3470 1513 3549 Finitis
1535 3477 1719 3552 notturnin
1814 3476 1836 3559 ,“

119 3600 182 3696 post
204 3592 479 3693 Euuangeiium.
524 3584 622 3670 Liber
645 3606 868 3690 generationis,
909 3596 947 3673 dt
971 3597 1069 3670 Orat.
1099 3597 1189 3670 Dour
1213 3596 1275 3694 qui
1297 3592 1394 3690 lium,
1437 3608 1620 3692 ponuntur
1644 3597 1721 3672 duo

119 3721 314 3800 caudelabra
330 3719 427 3817 ſs-per
447 3720 580 3811 gradum
602 3737 685 3791 cum
711 3714 838 3814 quibus
860 3720 947 3791 m'ox
973 3713 1076 3789 finita
1097 3714 1263 3790 oracione
1287 3716 1334 3790 ad
1356 3714 1394 3791 S.
1420 3715 1572 3790 Mariam
1595 3738 1721 3813 proce·

118 3838 209 3917 ditur.
266 3834 395 3915 Leston
418 3833 632 3929 Ennangelii
656 3859 740 3910 cnm
765 3835 836 3911 suis
860 3833 1128 3910 coadiutoribus
1155 3834 1295 3911 exitum
1330 3846 1534 3909 conuentus
1571 3836 1607 3909 in
1640 3834 1719 3910 san·
1853 3886 1867 3897 -

119 3960 236 4037 dinatio
261 3956 533 4057 expediantibus
555 3954 697 4029 canitur
720 3950 806 4053 iiiuc
834 3973 869 4049 lp
895 3952 1113 4048 Gojirrnotom
1134 3954 1195 4041 oss,
1228 3976 1271 4028 ac
1295 3953 1541 4051 subsequenter
1561 3962 1718 4029 retrursus

117 4076 256 4178 imponit
297 4080 387 4169 Ant.
424 4079 456 4150 0
487 4076 758 4159 inmidorum,
804 4072 1032 4155 &sacerdos
1065 4066 1230 4168 adjungit
1269 4066 1312 4147 ir.
1357 4075 1424 4169 s‘ofl
1451 4085 1577 4168 porrum
1616 4081 1715 4169 virgo.

118 4196 273 4277 Oratione
301 4198 481 4297 sequente.
529 4196 619 4269 Deus
647 4201 698 4288 pus
720 4211 777 4290 ptr
805 4197 910 4280 bruta,
933 4192 1126 4291 sequuntur
1154 4203 1281 4269 matut.
1306 4188 1452 4278 laudes,
1478 4192 1525 4267 de
1545 4192 1716 4271 omnibus

118 4317 246 4407 finitis,
271 4321 311 4397 dr
335 4318 445 4397 verba
468 4338 575 4398 mea,
614 4308 822 4389 iiXisX¹¹¹¹¹s
844 4313 970 4410 agitur.
1039 4310 1181 4388 Deinde
1200 4314 1329 4388 fratres
1362 4310 1547 4411 postquam
1572 4321 1717 4411 corporosa·

118 4442 263 4535 drdr'geou'e
284 4437 324 4516 dr
342 4440 384 4513 od
405 4441 632 4521 domitorum,
653 4437 696 4522 Θ
717 4433 839 4530 sopor
867 4437 907 4535 eps
929 4434 969 4507 od
990 4431 1215 4529 cosaefottorium
1226 4432 1451 4541 strrdsndrrrrr,
1482 4453 1566 4509 cum
1591 4446 1715 4512 autem

119 4578 233 4638 manua
258 4562 296 4639 dr
319 4556 433 4634 facies
456 4554 600 4642 lauant,
624 4560 724 4650 capito
738 4557 893 4651 partim
910 4552 967 4653 ἥ).
1015 4553 1113 4631 Cum
1139 4564 1262 4630 nutem
1287 4552 1424 4649 sgnum
1448 4553 1616 4631 auditum
1639 4553 1716 4629 sue·

856 4694 865 4707 ·
1651 4673 1719 4763 rit,

152 4775 272 4875 ')sson
286 4794 359 4862 ergo
377 4724 412 4841 nt
429 4790 483 4839 rror
501 4772 573 4859 ronst
583 4769 639 4858 sen
655 4716 755 4859 potiar
774 4764 832 4858 rost
844 4746 929 4855 suot.
