3736 5160
132 418 217 499 ses.
234 417 344 497 Blasi
367 440 434 521 per
453 414 665 498 incendium
695 418 806 495 illatis
830 420 1038 514 juramento
1066 416 1101 493 se
1128 416 1343 494 sufficienter
1368 414 1593 515 expurgauil.
1658 410 1731 493 'se-

130 540 307 637 llellruius
344 540 430 619 fasti
464 540 545 619 suut
573 540 780 638 Swiggerus
818 539 991 637 plebanus
1016 538 1143 617 Ldbon
1173 538 1228 615 Ar
1250 539 1352 613 Prior
1386 537 1425 614 dc
1454 532 1729 633 enepotius

131 660 216 740 bo.
239 656 474 741 Camerarius
497 661 545 736 de
571 658 824 737 Ochsenhusen
852 659 901 735 il
922 658 1134 735 scolasticus
1157 661 1204 734 de
1229 657 1345 733 Walse
1373 654 1422 732 H.
1453 654 1581 733 Custos
1612 656 1651 733 dr
1677 650 1727 730 H.

130 778 532 857 &communiant
588 780 748 856 Ortolfils
770 781 876 857 miles
895 781 941 853 dc
970 778 1264 872 Rinechenburg,
1297 777 1476 853 Rudolsus
1501 778 1549 853 de
1571 764 1727 871 seburg,

131 900 300 979 Corradus
324 901 375 977 de
397 899 591 985 Winedin,
638 900 842 976 fridericus
869 898 1010 978 Vlricus
1045 900 1093 973 de
1121 896 1271 975 Alidors
1291 898 1330 974 dr
1359 896 1420 973 alii
1460 920 1570 995 quam
1598 894 1729 992 plures.

128 1020 204 1100 Aur.
230 1008 315 1097 sunt
340 1030 466 1095 aurem
496 1019 568 1097 hec
597 1022 709 1097 Auno
738 1021 783 1096 ab
809 1020 990 1094 incarnat.
1029 1016 1104 1093 Dni
1133 1021 1183 1096 Μ.
1201 1016 1275 1094 CC.
1290 1015 1427 1094 XXII.
1458 1018 1581 1093 mense
1612 1016 1730 1115 Aprili
1802 1094 1807 1109 ,

127 1140 213 1221 xvii
237 1138 320 1215 Kal.
346 1140 437 1235 May
457 1136 518 1215 sub
543 1138 726 1217 friderico
744 1142 995 1217 Romanorum
1016 1136 1236 1237 Imperatore
1256 1136 1412 1214 secundo
1433 1136 1631 1217 lndiliioue
1651 1139 1697 1215 Χ.

195 1356 233 1437 7.
261 1332 392 1409 Exlim
416 1336 528 1410 etiam
553 1332 671 1410 nostro
694 1332 815 1409 adhuc
844 1342 1006 1430 tempore
1031 1330 1125 1409 inter
1146 1329 1301 1409 Sacrarii
1331 1331 1439 1409 nostri
1466 1330 1621 1409 Cimelia
1642 1333 1732 1413 Vur·
1791 1292 1799 1321 ί

118 1463 180 1544 lus,
217 1454 283 1531 seu
310 1454 428 1532 statua
456 1454 520 1551 (vt
540 1456 696 1553 vocant)
720 1453 906 1553 pelloralis
936 1453 974 1532 S.
1000 1451 1148 1528 Martini
1181 1442 1344 1548 Episcbpi
1373 1453 1573 1530 turonensis
1601 1479 1649 1529 ex
1676 1477 1734 1531 ar.

118 1588 207 1673 gmto
243 1560 427 1650 deaurato
454 1574 660 1661 fabrefasla,
704 1570 972 1673 lapidibusque
1002 1570 1165 1668 pretiosis
1198 1571 1359 1649 distintia
1394 1570 1479 1649 cuni
1511 1573 1582 1651 hac
1608 1576 1732 1651 lnscri·

98 1695 220 1805 ptime
251 1689 460 1773 Berelcteldus
488 1690 599 1773 Areas
620 1718 667 1770 me
677 1692 753 1793 fiere·
767 1693 861 1793 juffit.
914 1692 1022 1767 Circa
1042 1692 1156 1769 latera
1177 1691 1217 1767 lri
1241 1715 1387 1793 quoque
1415 1694 1535 1775 versus
1564 1694 1730 1799 adscripti

114 1814 294 1917 tgmtur·

329 2046 332 2051 .
359 1979 462 2048 'sellie
488 1980 564 2047 huic
590 1984 674 2065 operi
700 1983 786 2049 Deus
814 1982 849 2050 dr
876 1982 963 2049 simul
985 1981 1099 2047 arbiter
1127 1977 1228 2045 exstat
1311 2054 1318 2061 ᾖ

357 2087 456 2155 Grata
474 2088 528 2155 fibi
547 2089 642 2155 vestie
663 2092 711 2172 pir
733 2110 861 2154 munera
881 2090 954 2152 dum
973 2085 1155 2161 manifestat.
1241 2118 1244 2123 ·

359 2196 447 2265 Dum
482 2184 583 2263 Presul
615 2197 764 2261 manibus
792 2193 943 2281 protense
977 2194 1090 2279 anxius
1116 2200 1204 2263 oret,

357 2302 449 2369 Ciam
481 2305 549 2370 vite
577 2324 689 2370 munus
725 2338 740 2353 ·
777 2338 793 2353 ·
832 2302 866 2366 in
896 2300 954 2365 tria
985 2282 1114 2383 corpora
1143 2303 1259 2381 portel.

267 2396 270 2401 ¹
359 2408 494 2475 Saudtue
514 2412 578 2475 obit
599 2411 777 2493 meritisque
799 2411 857 2495 piis
879 2411 917 2472 ad
938 2407 1032 2473 lidera
1053 2406 1159 2471 fertur.

358 2516 486 2582 Demon
516 2518 578 2581 abit
605 2506 803 2599 tenebrisque
831 2514 890 2579 suis
919 2515 1035 2599 pallens
1061 2512 1213 2595 sepelitur.

360 2622 488 2687 llanini
508 2624 626 2686 meritis
647 2622 706 2686 suit
727 2624 787 2686 hoc
808 2624 902 2685 decus
925 2623 1154 2703 appropriatum

361 2728 407 2797 Vt
442 2727 598 2797 Christum
634 2728 794 2793 chlamidis
826 2726 954 2794 vestiret
986 2727 1125 2810 tegmine
1156 2726 1284 2791 nudum.

203 2908 346 2985 Eodem
374 2902 517 3006 insuper¹
538 2907 619 2982 loco
641 2903 807 3003 ejusdem
836 2906 1029 2994 materiae,
1062 2904 1301 3003 fimiliumque
1320 2902 1482 3004 lapidum
1502 2905 1615 2985 etiam
1643 2907 1734 3006 tigil-

132 3027 263 3106 morum
296 3026 422 3106 visitur
451 3050 581 3104 manus
617 3028 735 3127 sesqui
772 3028 886 3125 pedes
916 3027 1007 3115 alta,
1052 3026 1089 3101 in
1121 3050 1191 3125 qua
1215 3024 1349 3120 figurae
1379 3050 1462 3101 cum
1483 3025 1543 3103 sua
1568 3053 1733 3130 quaeque
1853 3070 1857 3079 ·

133 3145 312 3249 Epigraplre
329 3148 510 3246 expressae
524 3160 730 3224 cernuntur.
786 3148 812 3222 l.
841 3149 877 3225 S.
895 3149 1044 3242 Georgius
1056 3166 1125 3220 uc*
1149 3146 1188 3221 ll.
1205 3148 1237 3220 S.
1256 3144 1433 3221 Alexander
1442 3164 1496 3244 pp.
1535 3150 1593 3224 lll.
1618 3151 1735 3226 Berei-

132 3272 212 3342 nllus
235 3270 358 3345 Absens.
408 3265 865 3345 leudemundus.
918 3268 959 3345 V.
984 3269 1021 3341 S.
1036 3263 1213 3339 Alexander
1228 3277 1380 3339 crocinum
1391 3267 1527 3362 suscitat.
1574 3271 1634 3350 VI,
1660 3271 1734 3347 Ap.

132 3394 245 3463 relerms
273 3388 450 3463 Alexander
466 3404 517 3483 pp.
568 3388 607 3462 ln
631 3385 921 3463 circumferentia
946 3386 1049 3481 pedis
1071 3384 1162 3458 haec
1182 3384 1365 3477 leguntur:
1393 3382 1560 3463 Brachium
1580 3392 1615 3465 S.
1638 3392 1739 3468 Geor·

130 3516 174 3602 gri.
220 3512 304 3613 costa
329 3508 365 3583 S.
386 3506 560 3583 Alexandri
588 3504 759 3601 Pontificio
810 3508 911 3602 Reliq.
935 3508 971 3580 S.
996 3508 1159 3580 Oruunldi.
1208 3506 1309 3603 Reliq.
1333 3509 1369 3581 S.
1403 3509 1515 3583 Bened.
1552 3526 1563 3555 ἰ

210 3714 244 3790 8.
267 3699 432 3803 Arrenymo
458 3703 494 3775 de
518 3696 634 3795 Guelfis
666 3700 791 3776 charta
811 3700 992 3799 quaedam
1019 3722 1102 3775 cum
1125 3698 1195 3776 hac
1217 3700 1315 3776 Nota
1341 3701 1606 3798 Chronologica
1631 3727 1735 3803 prae·

128 3824 278 3921 ponitur:
305 3822 398 3899 Asia
424 3820 504 3895 sunt
527 3819 597 3912 hec
622 3820 783 3917 presente
811 3819 968 3913 capitulo
994 3821 1032 3895 in
1055 3820 1233 3919 presentia
1261 3820 1410 3897 Domini
1439 3823 1626 3900 Bertholdi
1657 3829 1734 3904 Ab·

128 3942 227 4026 bens,
251 3966 348 4017 anno
377 3940 422 4016 ab
444 3940 619 4015 lucarnat.
643 3940 792 4016 Domini
814 3938 1046 4016 MCCXXXl.
1072 3939 1142 4013 llll.
1167 3940 1321 4016 Kalend.
1345 3942 1424 4038 Jan.
1453 3966 1564 4039 quum
1587 3970 1633 4020 ex
1658 3948 1732 4024 fide

126 4062 410 4158 Necrologioruln
445 4060 636 4137 defundus
664 4058 704 4133 srt
728 4061 854 4137 Abbas
873 4061 962 4137 Xlll
997 4060 1147 4134 Kalend.
1177 4058 1338 4134 Oilobris
1371 4082 1424 4149 19·
1447 4063 1631 4161 Septemb.
1657 4094 1733 4145 non

126 4198 257 4280 poterat
283 4182 358 4278 jam
395 4204 497 4275 1131.
522 4178 661 4267 obiisse,
688 4181 798 4255 vtR.
822 4182 861 4258 P.
884 4179 1082 4258 Bucelinus
1105 4177 1240 4277 posuit,
1267 4181 1327 4256 sed
1349 4180 1441 4275 Ejus
1466 4184 1618 4262 obitus
1606 4210 1645 4267 ur
1666 4212 1736 4267 an-

126 4326 207 4382 uum
232 4302 442 4400 sequentem
471 4297 522 4375 eil
549 4300 791 4396 reponendus.

211 4520 246 4589 9.
270 4494 350 4571 Sub
378 4492 450 4567 hoc
481 4491 624 4593 Abbate
650 4491 762 4569 rinno
795 4516 899 4570 1201.
934 4474 1105 4571 obcurrit
1128 4486 1315 4568 Wenrierus
1352 4492 1514 4572 strenuus
1549 4498 1658 4578 Miles
1689 4507 1735 4580 de
1840 4478 1843 4485 ⁵

127 4616 263 4714 ledros
293 4611 639 4721 (lrodie.lladerach
659 4611 782 4690 medio
804 4612 934 4704 itinere
963 4614 1059 4691 inter
1082 4613 1311 4694 Marchdorff
1343 4616 1381 4694 de
1410 4614 1584 4699 Buchoru
1617 4618 1737 4699 Ditio-

990 4734 1026 4813 Κ
1678 4746 1740 4822 uis
1820 4814 1823 4819 .
