3742 5160
651 130 1077 240 amiati

119 341 159 399 us
193 316 256 396 sno
283 318 447 416 tempore
474 313 695 417 multiplices
731 319 868 395 frutius
903 329 1038 405 metet,
1093 316 1178 399 &a
1212 312 1374 397 Domino
1405 316 1488 398 Deo
1520 317 1686 399 laborum

109 464 194 522 rum
219 438 407 517 aeternam
436 439 644 516 mercedem
675 438 839 537 accipiet
951 490 971 569 x.

144 680 344 759 Praeterita
367 678 501 757 aestate
523 699 645 757 rerum
676 674 870 755 meliomm
899 699 1033 775 magna
1053 678 1132 777 spes
1155 675 1353 770 affulserat,
1397 699 1483 757 cum
1504 701 1555 755 ex
1578 677 1685 755 Italic

78 799 188 879 eoiret
219 800 426 900 Apostolica
457 799 670 879 austeritate
698 796 839 889 misius,
889 797 955 877 Vir
993 796 1103 877 noliri
1136 798 1295 884 ordinis,
1343 800 1427 877 saue
1460 800 1609 887 dusius,
1646 803 1687 880 dc

71 944 134 1001 um
159 921 287 1020 primis
316 922 355 997 in
383 918 770 998 Menenios-instituto
802 918 984 1005 versatus,
1018 918 1079 1018 qui
1103 917 1292 1019 collapsam
1308 918 1553 1019 ¹Disciplinam
1574 919 1687 1018 prisii·

57 1066 97 1121 ιο
131 1041 243 1135 nitori
281 1040 467 1119 restituere
503 1040 677 1128 debebam
721 1054 760 1117 at
786 1041 905 1117 nescio
940 1062 1013 1139 qua
1044 1038 1283 1117 infoelicitate
1310 1053 1464 1118 conatus
1488 1039 1545 1119 iiii
1576 1021 1687 1118 inter²

48 1162 227 1240 ciderunt.
288 1161 442 1261 Sperare
467 1172 592 1238 tamen
618 1184 694 1237 non
730 1161 909 1245 defluam,
958 1158 1100 1236 sortasse
1125 1160 1474 1262 adhucnliquando
1501 1160 1683 1247 futurum,

46 1293 89 1365 vt
116 1283 174 1364 vel
203 1281 275 1361 hoc
307 1282 463 1381 repetito
485 1281 617 1367 modo,
665 1279 724 1358 vel
748 1279 828 1358 aliis
859 1279 1054 1368 remediis,
1094 1280 1201 1358 uobis
1229 1278 1269 1359 dr
1293 1280 1423 1359 nostris
1453 1280 1684 1361 monasteriis

46 1403 290 1504 prospiciatur.
352 1402 503 1478 Interim
529 1402 626 1500 quod
649 1399 802 1501 quisque
825 1400 861 1475 in
888 1401 949 1475 suo
975 1400 1192 1489 Monasterio
1221 1400 1352 1500 potest,
1391 1427 1455 1501 pro
1485 1400 1594 1481 Virili
1625 1426 1684 1480 co·

48 1537 158 1600 netur
181 1524 218 1601 dr
240 1523 368 1613 faciat,
412 1526 449 1601 dr
474 1545 520 1599 ea
540 1521 703 1599 instituat
726 1524 764 1601 dr
796 1520 1043 1620 prosequatur,
1085 1544 1178 1619 quae
1208 1524 1256 1600 ad
1283 1523 1486 1622 Religionis
1509 1546 1685 1623 augmen·

47 1652 129 1722 tum
155 1646 193 1723 dc
223 1645 270 1721 ad
297 1643 466 1743 ejusdem
488 1641 811 1720 Conseruationem
830 1641 949 1719 facere
973 1641 1202 1720 videbuntur.
1241 1632 1269 1723 ’.

144 1884 197 1965 Vt
221 1893 346 1962 autem
377 1884 425 1963 ad
448 1904 526 1962 rem
547 1880 762 1983 propositam
788 1884 954 1973 redeam,
979 1880 1157 1981 intelliget
1178 1905 1224 1959 ex
1247 1883 1307 1961 his
1324 1880 1533 1960 Patemitas
1560 1880 1685 1972 vestra,

49 2006 139 2108 qnid
170 2005 347 2117 praeliare
380 2005 477 2103 apud
507 2027 575 2080 nos
605 2004 689 2103 poss
690 2025 793 2089 mus
832 2007 889 2102 qui
911 2005 973 2104 ipfi
960 2002 1109 2081 edoceri
1132 2009 1288 2106 copim
1352 1984 1424 2080 His
1450 2016 1580 2081 tamen
1609 2026 1682 2082 non

47 2127 291 2215 obstantibus,
332 2136 372 2204 vt
405 2128 526 2201 rne'am
551 2146 635 2222 erga
664 2125 821 2202 uestrum
851 2116 1108 2201 Monasterium
1135 2126 1344 2225 propensam
1373 2124 1604 2204 voluntatem
1630 2148 1683 2203 re·

47 2246 122 2347 ipsa
155 2248 360 2330 declarem,
402 2245 621 2332 concedam,
671 2256 712 2323 vt
744 2243 887 2342 petitis,
927 2245 1172 2335 Monachum,
1221 2270 1329 2347 quem
1367 2258 1492 2323 tamen
1527 2247 1685 2347 primum

48 2368 125 2468 post
154 2367 290 2444 Pascha
319 2390 341 2442 a
367 2366 475 2444 nobis
504 2364 650 2441 mallem
674 2365 874 2449 discedere,
908 2386 1002 2464 quae
1029 2389 1131 2444 mora
1154 2390 1265 2466 parua
1287 2366 1464 2446 censenda
1489 2368 1560 2457 est,
1582 2390 1680 2468 prae·

47 2489 167 2566 sertim
198 2489 296 2597 quod
327 2486 365 2563 in
400 2485 483 2585 ipsrs
517 2482 744 2562 Paschalibus
780 2484 882 2560 seriis
916 2484 986 2561 iter
1007 2486 1057 2564 ad
1090 2509 1156 2565 uos
1182 2486 1328 2566 volente
1351 2488 1431 2562 Deo
1453 2487 1548 2594 inire
1575 2490 1678 2567 debe·

47 2609 111 2688 bit.
161 2610 273 2689 Porro
304 2604 538 2684 paternitatis
564 2603 699 2682 vestrae
721 2605 1013 2684 Conuentualem
1052 2604 1092 2685 F.
1126 2608 1305 2709 Georgium
1333 2606 1533 2707 Rusrlmuu,
1581 2606 1678 2687 a'ch

48 2754 143 2810 vous
170 2731 329 2806 essetex
357 2728 480 2811 nobis,
510 2726 796 2825 excipiemus&
821 2728 1075 2813 trar'tabimus,
1113 2741 1154 2807 vt
1179 2728 1379 2806 Caritatem
1411 2729 1572 2809 nosiram
1600 2726 1677 2807 disi·

48 2854 175 2929 derare
211 2872 430 2948 numquam,
473 2861 513 2925 vt
533 2847 697 2934 confido,
742 2848 860 2947 possit,
911 2860 1021 2948 atque
1051 2828 1274 2927 mansionem
1310 2850 1431 2929 eidem
1461 2850 1677 2939 offerrimus,

49 2994 161 3071 quam
204 2971 269 3046 diu
293 2966 397 3047 vobis
421 2968 611 3045 uidebitur.
677 2967 779 3044 Deus
808 2969 850 3045 ιιι
877 2971 1079 3049 nobiscum.
1140 2968 1188 3060 E,
1221 2968 1259 3049 S.
1294 2971 1466 3050 Gall.ob
1499 2970 1678 3053 Februarii

49 3094 142 3171 Ano
193 3113 298 3188 1595·
350 3089 391 3166 F.
417 3089 595 3185 Georgius
622 3089 716 3168 Abb.
742 3088 942 3187 Weingart.

146 3332 227 3410 Has
262 3331 391 3408 eodem
422 3351 520 3406 anno
550 3325 648 3404 sexto
677 3327 794 3407 ilatim
829 3328 961 3407 abhinc
991 3328 1053 3406 die
1081 3331 1208 3408 Abbas
1246 3328 1285 3409 S
1310 3329 1421 3436 Blasti
1451 3332 1656 3433 sequentiis

53 3453 290 3556 prosequutus
325 3449 393 3525 est:
439 3450 657 3524 Reuerendo
681 3449 716 3524 in
747 3449 888 3526 Christo
915 3453 1023 3525 Pater
1057 3475 1099 3529 ac
1125 3450 1294 3527 Domine.
1358 3451 1519 3530 Litteras
1551 3455 1645 3533 vestu

51 3585 85 3653 b.
112 3571 298 3650 februarii
325 3595 347 3644 e
372 3568 409 3647 S.
441 3569 542 3646 Gallo
567 3570 614 3644 ad
640 3592 709 3643 uos
734 3572 840 3647 datas
870 3595 924 3646 ιι.
948 3570 1113 3666 ejusdem
1138 3573 1364 3672 accepimus,
1407 3576 1543 3671 quibus
1569 3578 1634 3655 bru

52 3708 107 3772 ter
131 3693 343 3794 respondere
368 3690 553 3768 neceffitas
577 3712 645 3764 nos
671 3689 779 3787 cogit
827 3690 923 3766 Nam
950 3688 1028 3767 illas
1053 3692 1178 3789 legens
1204 3714 1252 3768 ex
1281 3695 1475 3794 improuiso
1506 3720 1574 3796 per
1605 3696 1621 3775 l

49 3827 147 3892 teras
180 3836 201 3888 a
230 3811 421 3908 Regimine
445 3806 692 3912 Eufisheimenst
716 3810 937 3887 transmissas
971 3811 1068 3888 illico
1098 3811 1184 3890 hinc
1211 3813 1251 3889 in
1282 3812 1468 3919 Eufisheim
1500 3822 1616 3897 auoca'

50 3947 195 4037 propter
216 3931 398 4011 tumultus
436 3930 624 4006 &turbas
655 3933 857 4029 quasdam,
896 3954 988 4030 quas
1028 3955 1050 4008 a
1088 3933 1200 4012 Gallis
1233 3937 1270 4011 ιἰι
1293 3936 1500 4036 Burgundio
1531 3942 1605 4017 exc‘

49 4055 316 4134 inaudiuimusr
362 4050 484 4127 itaut
518 4051 723 4127 timendum
752 4050 816 4141 srt,
873 4076 920 4128 ne
956 4052 1050 4129 forte
1080 4054 1165 4131 isias
1185 4054 1300 4131 etiam
1335 4070 1457 4153 partes
1492 4057 1593 4139 iuuat

53 4177 199 4252 Maturo
224 4174 332 4270 igitur
355 4168 501 4246 consilio
526 4169 596 4246 hac
620 4172 657 4246 in
682 4183 782 4269 parte
807 4197 899 4270 opus
923 4173 984 4250 eil.
1034 4173 1257 4252 Diuturnum
1281 4175 1418 4255 vestrae
1443 4176 1580 4259 Patere

48 4294 226 4399 silentium
258 4290 482 4391 grauioribus
516 4291 672 4387 negotiis
705 4293 827 4389 potius
862 4294 1137 4373 adscribendum
1169 4310 1281 4394 puto,
1340 4318 1450 4394 quam
1491 4310 1534 4378 ιι

49 4414 153 4492 causa
175 4413 286 4490 suerit
318 4413 488 4506 indignae
523 4412 680 4508 alicuius
712 4412 936 4514 suspicionis,
984 4426 1025 4492 vt
1047 4416 1200 4512 proinde
1223 4418 1455 4492 excusatione
1478 4442 1555 4497 non

49 4550 184 4635 nopere
206 4557 298 4635 opus
321 4532 441 4609 sumit.
491 4531 668 4609 Ceterum
692 4535 857 4612 aubnurn
878 4535 1013 4614 vestrae
1031 4536 1267 4615 Patemitatia
1290 4554 1368 4616 tarn
1388 4538 1552 4639 promp'n·
