3736 5160
148 148 185 227 ‚¹4
715 120 1137 251 emmo·

137 316 175 385 ut
201 300 322 385 uellet.
371 300 491 383 Quare
505 295 684 376 securitati
701 252 998 375 dionasteriorum
1024 296 1169 375 suorum
1183 318 1320 395 aeque,
1346 320 1392 374 ac
1413 294 1633 397 Discipsmae
1650 316 1743 375 oen·

127 424 280 511 ulturus,
310 420 448 499 foederi
478 417 636 493 Sueuico
670 439 768 492 anno
798 440 901 510 1522.
986 417 1093 490 l'lmoc
1113 414 1265 493 Sancito
1289 416 1448 506 ancellit,
1486 428 1598 517 atque
1620 416 1744 499 etiam

118 540 386 641 magnentium
421 536 552 635 vbique
576 532 763 611 Bellorum
791 535 952 613 tumultu
987 535 1146 612 scientiis
1180 537 1230 611 de
1252 535 1426 633 erigendo
1449 558 1515 635 pro
1538 534 1745 613 Monachic

110 657 341 743 instituendis
363 660 534 734 Semiaorio
557 652 645 731 serio
672 653 832 747 cogitare
855 655 986 753 coepit.
1043 658 1167 739 Quum
1187 654 1288 731 enim
1311 654 1479 749 Religiosr
1503 654 1666 753 primum
1692 656 1747 731 ad

110 794 257 860 exterae
276 776 499 855 Academias
522 772 719 849 studiorum
743 773 859 848 caussa
881 772 1129 861 mitterentur,
1153 776 1318 873 jamque.
1339 784 1469 849 exorta
1491 774 1743 853 Resomatio-

110 926 178 987 ae.
202 898 302 977 vnio
323 918 387 995 pro
411 892 511 970 vario
534 890 746 969 docentium
769 894 877 985 genio
908 893 1089 989 Dogmata
1108 894 1245 969 ibidem
1268 893 1514 981 traderentur,
1537 894 1747 992 prudenter

111 1018 237 1101 timuit
267 998 549 1097 Gerwlcua.‘ne
574 1011 725 1087 Plantae
749 1013 914 1088 nouellae
944 1012 1131 1091 Nouitatis
1155 1034 1281 1088 amore
1302 1010 1466 1087 scduiiaa
1487 1010 1638 1089 suorum
1662 1008 1745 1089 sea-

111 1140 179 1219 fim
213 1134 435 1215 inhiberent,
487 1131 527 1206 in
562 1128 672 1205 letale
714 1130 917 1227 Religionis
958 1131 1177 1208 monasticae
1211 1152 1394 1209 venenum
1421 1130 1743 1225 degeneratum

111 1264 195 1347 Qua
220 1258 269 1335 de
287 1251 405 1331 caussa
429 1250 527 1327 datis
555 1248 603 1324 ad
627 1271 758 1326 omnes
785 1249 908 1325 circuli
944 1250 1094 1327 Sueuici
1121 1250 1287 1329 Abbater
1314 1248 1564 1327 benediiiioue
1585 1248 1743 1339 littam.

111 1382 160 1459 ari
180 1378 254 1459 lroc
277 1386 357 1451 tam
380 1368 512 1446 sdubrc
538 1389 632 1467 opur
665 1369 920 1445 communibus
944 1369 1091 1446 confilio
1122 1380 1231 1469 atque
1266 1368 1444 1445 somnum
1473 1366 1745 1466 perudmnm

111 1499 300 1583 liortatuo,
330 1492 379 1568 ad
406 1510 521 1569 vnum
548 1510 701 1577 omnen,
736 1487 947 1564 Promotore
972 1488 1181 1587 praesertim
1216 1488 1399 1585 Wolfgmgo
1421 1485 1549 1565 Aaou
1574 1490 1742 1589 cam·

111 1620 213 1714 msto
243 1611 370 1691 faciles
396 1608 559 1691 inuenit,
600 1618 848 1706 promtosque.
921 1608 1086 1685 Abbatec
1110 1607 1221 1704 igitur
1243 1630 1342 1715 anno
1369 1628 1473 1705 1542.
1497 1605 1562 1684 dle
1588 1628 1651 1703 ²3·
1672 1606 1740 1687 re·

110 1736 247 1823 bmcrii
270 1736 440 1809 Oltam
464 1738 733 1817 conuenerunt,
770 1728 819 1804 de
847 1727 929 1803 loco
957 1726 1127 1824 eligendo
1148 1728 1198 1805 de
1227 1725 1434 1827 Disciplinir
1449 1726 1660 1819 moenie,
1685 1752 1732 1807 ιι·

110 1858 271 1957 denique
300 1852 349 1929 de
370 1845 626 1927 Prosclsoribur
646 1844 926 1935 constituendis,
965 1846 1119 1946 aliisque
1141 1846 1240 1925 inter
1264 1848 1300 1922 se
1328 1846 1576 1925 deliberaturi.
1618 1850 1736 1927 hm

109 2002 198 2087 prae
221 1971 353 2052 ceteris
377 1970 495 2069 aptior
531 1965 626 2044 visua
656 1964 708 2042 est
743 1966 863 2062 Legum
890 1966 1049 2043 Ditionia
1071 1964 1376 2064 Campiduneusra
1409 1966 1591 2064 oppidum
1616 1968 1742 2047 mani·

110 2090 236 2199 mique
258 2090 428 2170 consensu
449 2087 582 2165 eodem
605 2107 703 2163 euno
729 2109 785 2180 13.
811 2087 936 2163 Martii
958 2086 1153 2163 statutum:
1182 2088 1224 2181 a)
1263 2084 1363 2167 list
1382 2086 1578 2165 communi
1601 2086 1742 2189 hpea-

111 2219 175 2299 dlo
208 2212 322 2293 scolae
343 2206 584 2291 eximuntur,
620 2216 731 2304 atque
764 2203 901 2300 singula
931 2205 1147 2283 Monalleria
1177 2227 1318 2281 annuae
1352 2204 1543 2303 Expensa'a
1570 2230 1664 2291 m
1684 2210 1743 2289 „ad

112 2334 265 2417 alendos
291 2327 506 2407 Professorea
530 2322 569 2401 &
590 2322 791 2421 Discipulos
818 2336 899 2401 tum
924 2324 1037 2403 etiam
1062 2324 1110 2402 ad
1133 2322 1418 2429 conseruaudum
1440 2324 1660 2409 aedificium
1677 2348 1743 2429 pro

112 2466 194 2539 nte
216 2454 353 2550 abique
377 2468 480 2523 mora
511 2444 551 2520 dr
581 2441 873 2537 tergiuersatione
904 2442 1056 2523 ioluuut.
1129 2444 1171 2519 ll
1196 2448 1247 2525 Vt
1275 2444 1349 2521 duo
1375 2468 1424 2521 ex
1444 2442 1660 2529 domuum
1678 2448 1743 2527 eli-

112 2586 262 2675 gantur,
298 2567 363 2668 qui
391 2564 621 2645 Visrtatorum
649 2550 809 2639 Nomine
840 2561 1027 2641 sollicitam
1055 2562 1230 2643 scolarum
1262 2586 1388 2643 curam
1414 2576 1564 2663 gerant,
1598 2568 1742 2649 'sedulo-

113 2716 186 2797 que
209 2688 419 2785 inuigilent.
458 2695 500 2761 vt
523 2684 561 2761 dr
585 2680 757 2778 Discipuli
782 2680 862 2767 sua,
896 2684 936 2761 ar
965 2680 1026 2759 sua
1051 2682 1263 2759 Professoreu
1287 2684 1442 2775 faciant,
1480 2685 1742 2788 iiipaepraeci·

114 2838 185 2917 pue
210 2806 303 2889 tales
329 2802 466 2888 adlint,
497 2800 562 2900 qui
582 2799 720 2877 nedum
749 2798 896 2895 ingenia
914 2800 1091 2889 scientiis,
1135 2802 1196 2877 sed
1224 2802 1338 2882 etiam
1363 2800 1510 2885 animoa
1542 2806 1738 2887 virtutibus

104 2918 316 3013 'arcannm
341 2923 463 3001 essent.
534 2919 590 3027 ill
616 2922 664 2995 Vt
689 2918 813 2997 nullus
836 2942 884 2995 ex
907 2920 1110 3021 Abbatipnr
1138 2919 1202 3021 jus
1232 2921 1367 3007 habeat
1396 2923 1470 3001 sne
1507 2924 1736 3005 Vifitatom

115 3049 285 3131 consensu
315 3048 455 3123 Fratres
488 3038 671 3135 religiosor
700 3050 767 3141 aut
798 3038 901 3114 domi
926 3040 1127 3127 retinendi,
1181 3054 1247 3121 aut
1274 3066 1299 3119 e
1326 3042 1430 3119 scolis
1452 3044 1613 3125 domum
1641 3068 1729 3123 ruo·

115 3168 256 3269 eradi.¹
283 3164 347 3244 lV.
371 3162 540 3260 Denique
562 3170 603 3237 nt
629 3156 754 3252 lingua
783 3156 913 3244 latina,
944 3158 1144 3247 Hebraica,
1170 3164 1208 3241 dr
1239 3163 1397 3249 Graeca.
1437 3162 1609 3265 aliaeque
1632 3160 1728 3243 nile·

116 3289 238 3391 plinae
262 3285 301 3363 dr
324 3281 515 3381 praecipue
535 3275 733 3371 Theologia
756 3277 948 3364 doceatur.
979 3280 1209 3379 studiumque
1232 3279 1324 3359 illud
1353 3280 1427 3359 stne
1450 3284 1622 3363 omnium
1645 3282 1729 3361 coo

115 3408 385 3487 foederatorum
407 3392 594 3475 Abbatum
619 3394 846 3474 consensione
869 3392 1070 3497 numquam
1093 3398 1310 3481 dissoluatur.
1346 3402 1548 3493 'Abbutem
1571 3406 1636 3507 qul
1657 3404 1727 3501 iuu-

116 3528 176 3605 iio
207 3522 355 3600 soedere
397 3516 501 3591 hicce
531 3512 672 3608 legium
706 3514 994 3613 subscripserrmt,
1038 3528 1167 3595 erant:
1223 3518 1439 3618 Wopsgmgru
1474 3520 1724 3625 Cum.

115 3646 283 3725 camme
304 3638 419 3739 mflrr,
460 3634 646 3711 temous
668 3635 924 3721 Ottolurms„
942 3636 1117 3713 Hcirtrlcrrr
1142 3636 1373 3737 Willirguors.
1405 3636 1537 3719 Pndin
1559 3638 1731 3741 ”W-

118 3764 269 3843 trimus
294 3752 526 3853 anfudnfir,
565 3748 701 3827 Tim
724 3754 1001 3851 mmmmm
1024 3757 1063 3835 dr
1087 3756 1239 3855 Georgii:
1262 3754 1532 3859 &mm
1650 3796 1655 3803 ·

212 3996 263 4073 Et
286 3989 457 4093 quamuis
479 3986 600 4066 variae
625 3986 694 4064 sese
718 3990 941 4089 obponerent
964 3991 1222 4079 Difficultater‚
1256 4016 1330 4093 quo
1348 3994 1472 4073 minue
1493 3996 1647 4075 salutare
1665 3996 1719 4073 loc

114 4114 322 4195 institutum
345 4110 385 4187 iu
399 4106 617 4203 -tegouiensr
643 4107 768 4185 uitem
788 4112 887 4205 Pago
909 4111 958 4188 ad
981 4123 1149 4211 optatum
1169 4114 1423 4209 perduceretur
1444 4128 1645 4203 euentum
1661 4112 1721 4194 Ab·

117 4238 221 4317 untes
243 4244 369 4311 nmen
388 4226 520 4306 sarium
550 4224 708 4305 habuisse
737 4230 924 4319 annuum,
955 4230 1089 4330 partim
1111 4236 1161 4308 eir
1190 4254 1237 4311 eo
1257 4232 1390 4331 liquet.
1431 4234 1533 4333 quod
1557 4234 1727 4317 Dominae

119 4347 431 4458 μημιον
465 4346 857 4425 dommum
888 4350 1431 4461 Prufouurlvellmgmfisb)
1473 4356 1612 4437 eodem
1646 4376 1730 4435 anuo

160 4592 197 4679 a>
223 4588 303 4658 Tora.
324 4586 374 4655 16.
393 4606 427 4675 p.
447 4594 522 4663 228·
630 4582 667 4663 b)
687 4580 765 4653 lbra
780 4604 813 4675 p.
833 4596 909 4673 348.
1679 4474 1731 4555 dn
