3736 5160
739 210 1158 306 *mmm*
1319 214 1323 219 ’
1693 225 1761 308 ut.

120 380 408 467 &nomnium
446 385 485 466 ἃ
511 380 578 467 ΙΙι111
558 386 679 467 scretis
713 387 813 469 Viris
841 388 1009 486 Magistro
1058 385 1227 466 Conrado
1265 382 1502 493 Schyrppfi'er
1540 380 1763 490 cappellano

113 502 260 587 som
283 504 388 583 Pauli
405 504 505 584 intra
525 531 651 585 muros
672 510 967 599 constantienses,
1003 532 1073 588 nec
1094 533 1168 587 non
1186 508 1360 584 Domino
1388 509 1610 587 Berothoido
1634 506 1763 585 Sches

112 622 214 823 {epid
234 624 456 725 Coppellano
484 626 633 725 majoris
663 627 845 707 Ecclesiae
882 628 1097 785 Constantio,
1092 630 1140 703 s
1092 651 1162 705 s
1191 628 1241 706 ad
1271 627 1458 726 praemissa
1490 628 1631 708 vocatis
1665 627 1762 729 pari·
1779 624 1782 629 ’

218 767 262 821 ac
284 746 439 841 rogans.

228 982 282 1060 Et
303 1004 373 1080 ego
399 982 596 1062 Hainricus
623 985 830 1066 Amelunus
854 984 1069 1091 Capelianus
1094 976 1263 1084 Capellae
1283 984 1405 1067 Sancti
1425 986 1622 1068 Laurentii
1636 988 1761 1069 Eccle-

112 1098 205 1181 me
226 1102 379 1202 majoris
403 1103 702 1197 constanstiensis,
728 1108 910 1210 Imperiali
933 1109 1159 1187 Auttoritate
1180 1088 1365 1186 Notarius

146 1340 328 1427 Quia
349 1341 536 1441 praemissa
568 1344 657 1423 dum
691 1344 743 1423 src
761 1349 804 1426 ιι
828 1349 1070 1445 praemittitur
1098 1348 1227 1435 tierent
1255 1348 1527 1446 iungerentur.
1573 1370 1646 1428 vna
1675 1336 1761 1430 c'um

113 1380 422 1567 praenominatis
447 1460 609 1541 Teitibus
642 1466 808 1563 praesens
834 1469 907 1554 sui,
931 1494 1045 1568 eaque
1073 1467 1120 1544 src
1146 1468 1271 1545 omnia
1300 1473 1339 1548 ιιι
1362 1469 1496 1565 lingula
1518 1468 1599 1545 sieri
1624 1468 1701 1547 vidi
1722 1472 1763 1551 os

122 1583 278 1670 8881181,
318 1582 404 1660 ideo
437 1581 602 1683 praesens
633 1586 817 1691 publicum
852 1589 1135 1666 instrumentum
1166 1589 1299 1665 exinde
1323 1589 1482 1676 confeci,
1518 1588 1557 1666 tic
1585 1589 1760 1668 adhunc

120 1703 318 1807 publicam
355 1703 512 1780 somnam
533 1704 683 1799 redegi,
719 1706 904 1806 signoque
945 1711 986 1788 δι
1019 1708 1180 1785 Nomine
1222 1707 1316 1784 meis
1356 1707 1467 1784 solitis
1502 1707 1541 1787 ιιι
1575 1708 1759 1787 consuetis

77 1822 277 1921 ignaui
315 1825 363 1902 ad
401 1820 514 1943 tidem
546 1824 714 1905 omnium
746 1827 785 1907 δι
821 1826 1039 1924 singulorum
1067 1826 1337 1930 praemissorum
1375 1840 1524 1928 rogatus
1565 1832 1605 1911 ιι
1637 1829 1759 1930 requi·

131 1942 220 2025 ntus
240 1954 315 2023 etc.
422 1957 427 1965 '

224 2422 312 2505 Hac
334 2424 573 2523 resignatione
601 2427 647 2502 ab
671 2425 860 2529 omnibus,
885 2449 1040 2527 quorum
1061 2425 1254 2519 intererat,
1277 2434 1483 2526 acceptata.
1508 2427 1641 2504 eodem
1660 2449 1759 2503 anno
1826 2456 1833 2473 .

141 2564 242 2647 1452.
268 2559 351 2647 14ta
377 2547 474 2644 May.
532 2544 711 2623 canonici
740 2549 1093 2627 Bettenbrunnenses
1116 2551 1164 2626 ad
1190 2572 1325 2628 nouam
1351 2546 1575 2625 Elettionem
1604 2545 1759 2644 Praepo-

96 2721 99 2726 -
136 2664 188 2744 liti
211 2667 430 2767 procedunt,
456 2665 495 2745 ιι
517 2666 718 2744 Dominum
740 2668 904 2744 Mecum
925 2671 1097 2766 διῆρται
1122 2668 1240 2768 primo
1263 2669 1301 2745 in
1322 2666 1550 2744 eanonicam
1573 2664 1671 2741 Looo
1694 2668 1759 2745 dc·

125 2768 248 2865 'mm
275 2784 454 2863 Canonici
475 2784 623 2861 Domini
647 2784 815 2870 Hoccller,
846 2785 979 2864 deinde
1007 2786 1046 2862 in
1069 2787 1314 2886 Praepositum
1336 2787 1528 2864 adsumunt
1553 2807 1637 2861 cum
1661 2785 1759 2863 Con-

133 2904 235 2983 sensu
260 2905 410 2983 Patroni
435 2905 587 2982 Domini
618 2904 777 2982 Comitis
799 2906 847 2981 de
874 2907 1121 3001 Werdenberg
1148 2906 1196 2982 ud
1223 2907 1390 2989 Montem
1415 2904 1606 2995 Sentium,
1630 2905 1669 2980 in
1695 2928 1758 2982 cu·

108 3021 193 3127 ·jns
221 3025 365 3102 Sacello
393 3028 535 3125 peralta
560 3012 633 3102 suit
661 3025 787 3104 eletiio
822 3047 845 3102 a
871 3023 1041 3102 Dominis
1067 3024 1236 3102 Conrado
1265 3022 1476 3113 Knobioch5
1516 3022 1655 3125 Joanne
1680 3023 1758 3103 Ku·
1826 3114 1829 3119 ,

134 3145 369 3281 pierschmid,
409 3148 552 3244 Joanne
574 3145 725 3223 Cromer
747 3144 787 3224 δι
813 3144 888 3244 ipso
912 3145 1072 3223 Domino
1091 3142 1246 3223 Nicolao
1273 3128 1475 3222 canonicis*
1499 3166 1624 3221 coram
1641 3146 1756 3225 Nota·
1807 3196 1815 3211 .-

134 3264 189 3343 rio
210 3261 337 3364 Joonae
357 3265 522 3342 Menon
545 3263 731 3341 Decano
719 3286 757 3340 ιιι
780 3263 1020 3361 Vberiingen.
1064 3287 1135 3339 nec
1160 3287 1234 3339 non
1256 3263 1423 3360 Magistro
1445 3263 1614 3341 Conrado
1641 3263 1754 3354 Lulli,

135 3381 288 3463 testante
308 3383 548 3484 lnlhosmento
571 3384 714 3486 publico
739 3385 888 3486 desuper
912 3383 1093 3471 conicito,
1122 3382 1238 3462 cnut
1263 3383 1360 3464 inter
1387 3383 1464 3461 atta
1497 3380 1670 3480 originale
1693 3385 1756 3465 sub

102 3504 369 3591 Numi.

230 3747 272 3824 ln
298 3741 459 3824 Nomine
485 3741 636 3823 Domini
662 3764 781 3822 amen.
849 3743 952 3823 Serie
976 3742 1171 3842 praesentis
1199 3742 1330 3842 publici
1356 3691 1585 3831 instrumenti
1617 3743 1756 3842 cunttis

136 3865 250 3967 ipsrnn
277 3865 502 3942 intuentibus
526 3873 649 3961 pateat
672 3866 878 3947 euidenter,
912 3864 1011 3963 quod
1034 3864 1094 3942 sub
1120 3886 1217 3941 anno
1249 3853 1440 3941 Millesrmo
1468 3862 1756 3960 Quadringente·
1830 3938 1845 3954 ,

136 3986 224 4067 iimo
247 3974 541 4085 quinquage'fimo
566 3983 749 4073 secundos
764 3983 962 4062 Indittione
988 3981 1117 4083 quinta
1146 3982 1310 4069 decima.
1340 3980 1579 4059 pontificatus
1603 3982 1756 4060 Santtis-

135 4105 215 4187 nni
247 4105 287 4181 in
310 4102 452 4181 Christo
479 4099 597 4177 Patris
628 4107 667 4179 ιι
695 4103 846 4181 Domini
873 4103 981 4181 nostri
1015 4101 1165 4180 Domini
1195 4101 1335 4180 Nicolai
1364 4100 1500 4177 Diuina
1522 4099 1757 4179 Prouidentia

136 4226 257 4324 Papae
283 4221 410 4311 Quinti
441 4245 538 4299 anno
574 4222 720 4317 quinto,
765 4222 826 4300 die
860 4221 1016 4301 Veneris
1051 4244 1143 4323 quae
1176 4219 1247 4296 suit
1281 4230 1410 4320 quarta
1446 4218 1591 4299 decima
1622 4216 1756 4296 Mentis
1863 4208 1865 4212 ’

135 4347 228 4445 May
250 4346 343 4421 hora
364 4343 553 4421 Nonarum
579 4341 636 4417 vel
662 4340 771 4442 quasi.
833 4341 875 4419 ln
900 4342 1005 4443 Cussro
1028 4341 1154 4419 inno
1174 4342 1281 4416 Sonitu·
1302 4336 1583 4416 constantiensis
1606 4338 1758 4420 Dioece·

121 4468 215 4545 ns
204 4489 246 4542 m
268 4462 417 4562 Capella
438 4461 550 4541 castri
579 4461 763 4558 ejusdem,
788 4462 827 4540 in
855 4462 930 4540 mei
951 4459 1100 4541 Notarii
1130 4459 1263 4559 publici
1283 4458 1513 4556 Testlnmque
1545 4457 1641 4534 infra
1667 4457 1758 4536 Scri·

134 4600 302 4692 ριοιιιιιι,
347 4583 395 4662 au
416 4581 488 4663 hoc
512 4579 710 4682 specialiter
739 4592 951 4719 vocatorum
980 4583 1018 4660 ιι
1053 4591 1261 4681 rogatorum
1302 4576 1502 4681 praesentia
1528 4577 1759 4680 personaliter

967 4697 1050 4778 Ya
1120 4742 1123 4747 ,
1631 4699 1758 4778 coniti·
