3736 5160
169 206 196 284 r
776 186 1196 283 *Qme

170 400 197 429 ··
273 389 307 444 2.
333 368 414 456 Quo
439 368 481 445 id
514 364 628 445 Auno
642 366 777 447 fanum
800 367 864 453 srt,
904 366 968 445 etsr
983 390 1069 445 rura
1087 367 1256 466 superest,
1281 367 1358 467 sper
1375 374 1499 444 tamen
1519 391 1593 444 non
1614 366 1664 443 est
1678 366 1803 445 deter-

154 485 343 575 minare,
369 488 467 589 quod
486 487 587 565 uulsa
605 486 778 565 indubiae
803 487 889 565 fidei
917 498 1156 568 monumenta
1184 496 1343 565 aetatem
1372 487 1529 565 tulerint.
1581 488 1802 566 crariffimus

179 604 409 684 Mabilsonius
422 608 556 687 Annas.
575 608 714 687 Bened.
730 607 887 688 Tomll.
915 633 950 706 p.
969 633 1046 685 122.
1073 608 1112 686 S.
1125 606 1276 684 Altonir
1291 607 1470 699 Adnnrrrrm
1485 610 1532 683 ad
1545 609 1699 685 Annum
1715 631 1799 705 743.

175 724 289 816 locat,
316 726 491 805 scribens:
515 727 834 826 „Hocfnmnrporr
855 729 894 804 in
908 725 1095 825 Bojariam
1110 727 1212 806 venit
1241 730 1279 803 S.
1297 726 1406 815 Alto,
1430 726 1643 804 nobilissrma
1669 728 1800 801 Scoto-

177 868 286 935 „rum
311 859 421 942 gente
440 848 672 947 progenitus,
705 846 908 946 secessitque
924 846 963 925 in
986 848 1182 949 quamdam
1203 845 1397 941 Frisngrnfir
1413 848 1498 943 Pagi
1518 845 1644 923 srluum
1668 887 1718 902 -·
1749 889 1801 902 —

177 966 266 1055 „ubi
287 967 507 1069 Monostersurn
528 992 576 1045 ex
594 968 675 1064 ejus
688 968 839 1045 nomine
864 968 985 1068 postea
1008 980 1259 1064 nuncupatum
1278 963 1458 1061 ordniraru't.
1472 1008 1522 1023 -
1538 1004 1591 1023 -·
1612 966 1800 1049 Quamdiu

37 1142 45 1151 -
176 1110 252 1175 „eo
271 1084 310 1162 in
332 1085 412 1161 loeo
440 1086 573 1165 vixerit
590 1086 697 1178 Alto,
725 1109 846 1186 quoue
864 1089 976 1166 Anno
992 1086 1193 1177 decesserit,
1225 1084 1408 1182 ignorauit
1427 1086 1507 1182 ejus
1527 1088 1624 1163 vitae
1651 1083 1800 1183 scriptor

154 1209 309 1295 ¹„snnu
320 1208 429 1283 derirnr‘
443 1207 665 1303 Amineum„
715 1208 755 1285 ln
772 1207 876 1286 uuis
892 1208 1109 1287 Saottorum
1134 1206 1239 1285 Tum.
1256 1206 1311 1282 111.
1337 1207 1376 1282 Ρ.
1393 1206 1435 1282 11.
1459 1229 1537 1305 pag.
1558 1220 1637 1290 218.
1668 1216 1744 1279 not.
1762 1205 1799 1280 b.

176 1325 314 1405 obitum
340 1324 420 1423 ejus
447 1327 495 1403 ad
518 1329 673 1405 Annum
694 1326 904 1406 DCCLXX.
925 1326 1086 1424 reponit,
1119 1328 1218 1404 diem
1244 1339 1368 1402 autem
1390 1326 1626 1401 emortualem
1644 1325 1688 1402 V.
1710 1325 1798 1400 ldus

175 1443 357 1524 Februarii
380 1445 440 1521 seu
462 1471 496 1541 9.
518 1447 702 1524 Februarii
727 1447 898 1544 adigunt.
956 1449 1037 1533 Qua
1055 1446 1117 1522 die
1139 1446 1251 1524 otiam
1274 1447 1344 1543 ipse
1370 1446 1408 1520 in
1438 1446 1663 1521 Kalendariis
1690 1443 1797 1520 Asto-

174 1564 509 1642 monasteriensrbus
534 1590 692 1644 necnon
709 1567 747 1643 in
763 1566 1017 1667 Antiquiffimo
1032 1565 1298 1666 Eberspergensr
1321 1565 1417 1662 apud
1438 1567 1481 1641 Β.
1505 1564 1694 1641 Ocssesium
1711 1567 1795 1640 Rer.

172 1685 274 1763 Boio.
303 1685 419 1783 script.
452 1685 494 1761 T.
512 1686 554 1761 ΙΙ.
579 1711 611 1785 p.
633 1710 689 1782 15.
720 1688 916 1765 adnotatus
952 1688 1159 1777 inuenitur,
1205 1709 1324 1786 queue
1347 1686 1386 1761 in
1407 1683 1564 1761 Ecclesia
1588 1682 1796 1780 Frisrngensr

173 1829 296 1883 annua
315 1804 408 1902 Ejus
436 1806 615 1885 memoria
643 1806 783 1884 colitur.
845 1806 923 1886 Arii
951 1819 1074 1883 tamen
1106 1805 1250 1885 malunt
1280 1805 1417 1883 obitum
1445 1803 1539 1903 Ejus
1568 1806 1616 1881 ad
1641 1803 1794 1881 Annum
1830 1822 1836 1830 ·

173 1926 304 2003 Christi
327 1936 409 2025 7⁶0·
432 1949 566 2025 ponere
587 1938 816 2006 monument.
839 1927 941 2004 Boic.
967 1929 1009 2005 V.
1029 1928 1074 2003 X.
1097 1949 1130 2025 p.
1147 1950 1230 2025 327.
1280 1924 1511 2024 Lyturgiam,
1538 1948 1609 2024 qua
1629 1947 1691 2021 per
1708 1924 1794 2002 otii·

173 2048 287 2125 duum
299 2069 384 2124 eum
398 2058 616 2125 venerantur
629 2046 1030 2133 Astomon'asterienses,
1046 2047 1108 2123 sna
1130 2070 1243 2122 manu
1265 2045 1478 2143 descriptam
1492 2046 1538 2122 ad
1559 2045 1603 2122 R.
1619 2045 1656 2118 Ρ.
1674 2044 1794 2120 Buce·

170 2167 287 2244 sinum
309 2166 466 2243 nostrum
493 2168 689 2245 transmisrt
715 2167 924 2243 munito
952 2165 1120 2243 Grindler
1139 2167 1349 2262 Brigitanus
1373 2166 1484 2243 Anno
1513 2174 1616 2266 1640.
1672 2163 1713 2239 In
1731 2164 1794 2242 Vi·

170 2286 252 2364 neis
276 2285 424 2363 solemni
451 2286 540 2363 Ritu
561 2286 652 2381 Ejus
678 2284 787 2362 setius
818 2284 907 2360 Dies
937 2286 1133 2382 quotannis
1160 2286 1280 2362 ititem
1308 2306 1342 2376 9.
1368 2285 1550 2363 Februarii
1583 2281 1793 2359 celebratur.

171 2405 364 2486 Lesiionee
395 2428 480 2485 vero
515 2403 662 2485 secundi
699 2402 874 2485 Noiiurni
911 2426 997 2486 cum
1034 2404 1110 2484 vita
1148 2404 1363 2505 primigenia
1393 2404 1615 2490 discordant,
1661 2403 1795 2485 merito

169 2526 434 2607 emendandae.

268 2786 305 2869 3.·
326 2767 466 2868 Syluae
487 2788 657 2865 magnam
677 2774 818 2868 partem
838 2790 860 2843 a
883 2768 1015 2869 Propino
1035 2765 1122 2865 Rege
1143 2765 1312 2865 accepisse
1325 2766 1479 2845 traditur
1495 2769 1534 2845 S.
1551 2767 1661 2855 Alto,
1686 2766 1793 2865 isque

171 2914 194 2967 a
219 2876 399 2991 plerisque
422 2890 580 2966 Fundetur
599 2887 969 2967 Aitomonasierienfis
991 2886 1207 2975 celebratur,
1231 2912 1357 2964 verum
1379 2887 1643 2966 Fundationem
1660 2887 1793 2964 abusio

170 3014 301 3091 sanam
328 3023 446 3090 ratam
475 3012 654 3086 drmtuxnt
679 3009 840 3085 babuisse
861 3008 1055 3107 Pippinum
1073 3008 1310 3088 vehementer
1337 3008 1503 3106 suspicor,
1545 3032 1657 3106 quum
1690 3008 1792 3084 enim

170 3131 345 3233 Pippinus
365 3132 404 3207 in
423 3151 547 3226 regern
563 3128 721 3227 primum
737 3127 905 3206 inunttus
926 3126 970 3208 srt
990 3131 1101 3209 Anno
1120 3150 1200 3225 75¹·
1228 3130 1381 3207 Sentius
1405 3153 1491 3206 vero
1512 3128 1600 3206 Alto
1621 3153 1708 3204 mox
1727 3130 1791 3230 post

171 3259 282 3349 utnon
303 3274 396 3327 onnus
410 3257 535 3346 rorpnir
554 3250 721 3341 conirurrr
744 3252 912 3325 barbanu
925 3253 1054 3348 seruitio
1072 3253 1174 3325 durno
1192 3268 1281 3347 opta,
1305 3273 1358 3324 uec
1381 3274 1441 3324 non
1458 3246 1679 3352 Monosten'rnn
1700 3253 1790 3326 Reu-

169 3372 336 3471 pinsum,
362 3370 581 3466 &spiritualis
601 3373 690 3442 orroe-
703 3382 850 3443 ananus
865 3368 1048 3467 rrssronsrrir„
1068 3372 1232 3467 serumque
1252 3375 1385 3446 babitare
1394 3368 1524 3463 ferrrr'r,
1550 3381 1589 3446 vt
1608 3369 1720 3444 habet
1735 3370 1789 3446 vi·

169 3500 230 3569 tae
248 3488 391 3587 scriptor
413 3512 449 3563 n.
466 3512 500 3584 3.
527 3487 565 3565 δι
584 3488 620 3564 S.
642 3489 822 3583 Bonifacr'us
837 3488 1095 3566 Monasterium
1113 3490 1150 3565 S.
1167 3490 1314 3566 Altonis
1337 3488 1576 3566 construtium
1606 3491 1789 3567 consecra·

169 3611 264 3689 uerit
286 3609 381 3685 circa
401 3624 539 3685 annum
561 3630 644 3707 750.
689 3608 825 3706 thote
839 3607 951 3686 Anno
969 3632 1051 3710 755.
1071 3608 1248 3704 Martyrio
1263 3622 1477 3695 coronatus,·
1511 3610 1629 3708 prima
1657 3609 1786 3688 sunda·

168 3742 293 3809 menta
321 3728 549 3813 Monasterii‚
590 3738 787 3826 antequam
816 3728 989 3826 Pippinus
1020 3728 1058 3804 in
1086 3730 1225 3822 Regem
1252 3729 1543 3825 inauguraretur,
1576 3730 1669 3826 jada
1696 3730 1785 3809 suut.

168 3852 277 3929 Porro
302 3861 443 3928 certum
470 3848 538 3938 est,
568 3844 740 3945 deinceps
761 3847 1104 3925 Altomonasrerium
1125 3847 1333 3947 circumque
1353 3849 1491 3926 vicinas
1512 3862 1627 3928 terras
1650 3855 1787 3931 Diriorrir

169 3969 319 4065 Gnrsfirur
345 3966 466 4056 suisser
497 3966 566 4045 bas
590 3991 676 4045 vero
707 3966 782 4064 jam
815 3979 978 4065 tempore
1008 3966 1146 4046 conditi
1177 3966 1286 4065 hujus
1315 3968 1521 4047 Monasterii
1558 3972 1604 4048 ad
1633 3973 1785 4052 'eosdem

168 4091 319 4170 Guelfor
342 4086 502 4189 spesiasse
522 4110 585 4165 cur
606 4084 844 4164 dubitemus?
891 4086 1127 4164 Conditorem
1142 4086 1263 4188 itaque
1279 4089 1484 4166 Monasterii
1501 4089 1540 4166 S.
1554 4090 1701 4171 Astonis
1721 4094 1787 4171 ali·

166 4236 278 4314 quem
299 4208 408 4306 hujun
430 4206 672 4293 iilustriffimae
691 4205 814 4303 gentis
836 4204 936 4283 fuisse
950 4204 1151 4305 persuasum
1166 4207 1316 4284 omuino
1330 4204 1422 4287 mihi
1440 4196 1568 4287 habeo.
1616 4212 1785 4294 Ruderur

166 4344 265 4412 certe
293 4328 440 4437 scripsrt:
491 4330 678 4405 crnrrrnen
699 4334 836 4425 primun
864 4328 1023 4403 sirionem
1042 4326 1146 4422 ferrr‘,
1194 4332 1337 4405 Conium
1362 4330 1561 4426 Lycuriornn
1592 4332 1784 4432 castigatus

165 4463 352 4555 eapropter
379 4449 611 4525 aBrunnero
632 4447 728 4546 apud
747 4444 915 4523 Bolsand.
946 4445 969 4521 s.
984 4469 1016 4523 c.
1039 4470 1075 4523 n.
1096 4470 1128 4523 2.
1175 4448 1319 4547 eoquod
1345 4449 1451 4525 anuis
1472 4463 1621 4530 centum
1645 4452 1784 4534 Astone

164 4573 334 4677 posterior
359 4570 421 4648 bic
441 4568 550 4648 suerit
575 4568 729 4645 norun
743 4573 792 4666 pr'r'
806 4573 913 4647 oron
933 4565 1083 4670 Jnnrn
1101 4567 1230 4657 Frater,
1256 4569 1368 4649 Etscbr
1387 4567 1479 4665 Wufi
1491 4568 1592 4666 fitius.
1644 4575 1783 4656 Verum

1728 4697 1784 4781 tul
