3736 5160
21 218 24 224 Ι
116 274 188 374 362
395 271 403 285 '
746 269 1169 363 &Dymae

117 454 227 534 bertus
250 451 357 542 Moz,
384 448 542 527 Placidus
568 447 741 550 Keffiriog
765 473 848 524 cum
875 452 1016 526 duobus
1036 447 1158 545 pueris
1184 447 1222 526 &
1248 446 1398 527 famulo.
1447 451 1541 527 Mox
1571 476 1667 530 anno
1698 459 1736 536 ir·

114 573 281 678 sequenti
305 598 363 667 30.
386 571 471 671 Julii
505 572 639 647 ibidem
680 569 833 666 adpulfis
871 567 942 646 ΡΡ.
986 569 1131 668 Georgia
1166 568 1301 645 Oxoer.
1343 570 1566 675 sslrolffgorrgo
1596 574 1735 668 Borttrr,

116 701 154 779 &
198 694 357 801 Osrculrlo
387 693 502 780 Bour,
550 689 620 769 ΡΡ.
659 688 830 766 Mostlrior
844 747 866 778 ,.
889 686 1083 779 Antoniou,
1132 689 1173 768 ss
1203 685 1363 767 Placidus
1395 693 1595 769 redieruut.
1644 697 1733 774 Auno

119 824 225 899 root.
251 840 307 914 24
324 813 459 912 Aprilis
483 809 553 889 ΡΡ.
572 812 744 889 Matthias
764 810 885 910 Loog,
916 807 958 885 ss
989 810 1154 910 Georgius
1187 810 1323 899 Oxoer,
1362 811 1426 910 qui
1460 813 1585 910 paullo
1609 820 1731 896 anteiu

116 937 245 1022 ¹Vincis
270 936 486 1020 aduenerat,
513 936 629 1009 iterum
651 933 801 1009 Mortem
831 930 869 1008 S.
892 930 1031 1005 llsorioe
1052 931 1253 1028 petierunt,
1277 953 1372 1029 quos
1389 957 1448 1009 22.
1467 934 1560 1028 Maji
1576 936 1730 1035 insequuti

115 1063 197 1140 suut
222 1055 292 1135 ΡΡ.
323 1055 488 1152 Georgius
526 1051 744 1140 Wieleornoo,
774 1051 926 1128 chlroel
950 1051 1077 1140 Faber,
1105 1055 1141 1129 61
1164 1051 1361 1127 Bernartius
1386 1052 1478 1128 Han.
1549 1052 1610 1130 IV.
1641 1056 1727 1133 Auro

120 1189 226 1273 1609.
250 1177 311 1253 die
337 1173 487 1271 septima
519 1170 732 1249 Decembris
766 1173 801 1247 in
836 1171 1094 1248 Monaslerium
1122 1169 1159 1248 S.
1182 1170 1276 1247 Porri
1302 1171 1339 1247 in
1362 1168 1468 1270 Syloo
1501 1173 1663 1250 Hereiro'o
1684 1180 1727 1253 ab

17 1348 29 1379 .
115 1301 256 1398 legatus
290 1295 341 1372 est
373 1293 412 1369 P.
446 1291 642 1391 Froociscos
671 1291 825 1371 Dietrr'clz
858 1291 977 1388 postea
1008 1292 1045 1367 in
1073 1289 1292 1367 Monallerio
1320 1291 1439 1368 nostro
1468 1291 1594 1385 Prior,
1627 1298 1726 1375 &de-

115 1444 220 1500 mum
244 1417 371 1496 Abbac
395 1436 480 1489 cum
506 1424 663 1511 quatuor
689 1412 769 1488 aliis
796 1412 981 1497 Patribus,
1006 1435 1138 1508 nempe
1169 1409 1209 1487 P.
1236 1410 1382 1512 Georgia
1405 1412 1564 1514 Rossler,
1595 1417 1723 1495 Martio

118 1542 274 1638 Herrjler,
307 1533 536 1639 Clrrr'ssoplroro
565 1532 749 1619 Homero,
774 1536 812 1610 61
836 1532 1007 1609 Moroodo
1032 1531 1155 1621 llsolrr,
1185 1554 1338 1630 quorum
1365 1532 1425 1607 hic
1452 1533 1491 1609 in
1515 1535 1632 1637 lingum
1649 1565 1722 1640 groe-

116 1689 181 1752 co,
210 1660 273 1736 ille
301 1657 338 1735 in
372 1655 504 1759 hislorr‘a
530 1653 779 1730 versatiffimus
806 1667 896 1729 erat.
944 1653 988 1732 V.
1014 1652 1126 1728 Anno
1157 1660 1261 1749 1⁶14
1290 1669 1347 1738 28.
1373 1652 1558 1731 Februarii
1585 1657 1631 1733 ad
1657 1658 1724 1757 peti·

116 1787 256 1862 tionem
292 1775 455 1877 Episcopi
491 1773 739 1883 Corrstootr'rofir
775 1773 811 1848 in
849 1775 986 1875 Aogr'oe
1019 1774 1133 1850 diuitis
1177 1771 1331 1848 Insulam
1362 1775 1530 1857 mandati
1563 1779 1641 1854 suot
1672 1777 1720 1854 ΡΡ.

116 1907 261 1985 Moerus
296 1897 481 1997 Baldorrg‚
519 1898 557 1974 &
592 1893 830 1995 Wolffgoogor
859 1895 1002 1972 Bortter
1035 1917 1120 1969 cum
1149 1892 1209 1970 Fr.
1244 1893 1448 1993 Hieronymo
1479 1895 1640 1975 Roioold.
1683 1899 1722 1978 ll.

116 2029 228 2104 Anno
259 2024 391 2098 eodem
418 2043 452 2116 4.
477 2014 629 2111 Augusti
660 2016 802 2091 reuerso
837 2017 884 2092 ad
917 2040 985 2093 nos
1022 2014 1167 2114 Georgia
1200 2011 1334 2103 Osroer,
1377 2002 1438 2113 q‘ui
1467 2016 1608 2116 aliquot
1635 2041 1722 2096 anuos

73 2232 80 2247 ,
116 2139 431 2225 Administratoris
464 2137 583 2215 officio
608 2135 645 2211 in
674 2136 792 2212 Monte
824 2136 862 2217 S.
881 2138 1030 2212 Moriar
1057 2133 1201 2212 sanstus
1231 2146 1334 2223 erat,
1378 2135 1464 2211 illuc
1498 2136 1649 2217 discetur
1673 2140 1724 2238 jau

117 2267 227 2346 tertio
266 2263 306 2346 P.
346 2258 518 2339 Matthias
554 2255 657 2357 Lang
689 2256 810 2354 (cum
836 2257 906 2335 ΡΡ.
941 2256 1116 2336 Borrrlislo
1152 2255 1340 2349 Molitore,
1385 2261 1423 2337 ἃ
1455 2259 1605 2339 Andreo
1642 2262 1721 2364 siris,

119 2387 356 2487 Hirsoogieofi
378 2380 498 2481 postea
520 2375 687 2472 Abbate)
714 2398 810 2450 anno
839 2387 942 2471 1615.
969 2377 1028 2451 die
1053 2377 1269 2476 27.lllens1s
1300 2377 1463 2485 Otiobris
1489 2382 1530 2457 in
1564 2384 1649 2464 diui
1670 2385 1726 2460 blo

118 2507 263 2588 austerii
286 2504 470 2582 Abbatem
490 2497 697 2596 postulatus.
748 2495 840 2580 Quis
868 2496 906 2572 &
932 2508 1090 2594 quantus
1118 2495 1179 2570 hic
1206 2496 1376 2573 Matthias
1399 2501 1525 2588 suerit.
1559 2504 1617 2582 vel
1637 2529 1679 2579 err
1695 2525 1724 2578 eo

117 2631 191 2711 solo
213 2623 441 2706 manisestum
471 2619 529 2702 fit,
555 2618 654 2717 quod
677 2637 763 2691 eum
786 2638 860 2689 uno
881 2618 1085 2713 eodemque
1113 2638 1209 2690 anno
1241 2624 1343 2702 1608.
1370 2621 1507 2698 nodum
1532 2626 1610 2702 duo
1625 2625 1726 2703 Mona·

118 2752 224 2832 steria
256 2747 293 2827 S.
315 2743 408 2823 Petri
428 2739 560 2819 scilicet
592 2737 629 2811 in
658 2733 764 2834 Spluo
789 2735 975 2834 Hercynio,
1013 2734 1111 2815 &S.
1148 2734 1288 2837 Georgii
1315 2741 1351 2814 sn
1383 2738 1502 2838 Tyroli
1526 2744 1732 2850 Administra-

119 2889 221 2955 rorem
252 2873 440 2968 peterent,
466 2861 526 2936 sed
554 2861 592 2940 &
616 2856 689 2955 ipse
709 2855 887 2952 Georgius
914 2856 1033 2933 noster
1053 2878 1150 2932 anno
1177 2866 1281 2953 1613.
1315 2873 1369 2944 18.
1401 2861 1490 2957 Maji
1520 2886 1609 2943 cum
1640 2867 1733 2942 totius

121 2990 268 3094 capituli
305 2981 544 3083 gratulatione
573 2979 610 3053 in
651 2974 882 3077 Coorljotorrm
921 2978 1134 3056 adsumeret.
1212 2978 1362 3052 Eratis
1393 2979 1519 3057 Frater
1548 2988 1736 3064 Germano

121 3115 274 3224 ffoooor'r
288 3106 445 3185 Abbatis
461 3096 745 3182 Ochsenhusani‚
769 3098 807 3174 &
824 3098 861 3174 P.
879 3097 1012 3173 Prioris
1034 3096 1250 3200 Corstrrieofis
1268 3102 1284 3188 (
1293 3099 1581 3205 Kaisersbaim).
1630 3108 1737 3187 Abba

122 3236 231 3333 igitur
260 3230 298 3305 in
328 3228 468 3303 lliootoe
499 3219 537 3303 S.
569 3220 707 3295 Moriar
733 3241 807 3292 uon
837 3215 910 3292 fine
937 3216 1068 3295 intimo
1100 3217 1427 3314 Weingartenfium
1464 3222 1596 3302 dolore
1624 3229 1738 3314 sosius,

122 3348 381 3436 Monasterium
413 3345 566 3428 ibidem,
599 3339 637 3417 &
666 3337 862 3414 Ecclesiam
899 3361 920 3414 a
956 3337 1221 3414 Fundamentis
1254 3338 1438 3418 exstmxit.
1501 3347 1621 3424 Anno
1652 3360 1739 3448 1646

122 3477 183 3555 die
209 3499 265 3550 20.
288 3468 377 3563 Maji
405 3465 620 3541 Meritorum
652 3460 778 3560 plenus
809 3461 867 3558 pie
895 3458 931 3533 in
962 3458 1120 3535 Domino
1146 3460 1254 3545 obiit,
1299 3459 1337 3534 iu
1366 3484 1463 3539 nouo
1486 3466 1551 3540 suo
1578 3471 1739 3547 coenobio

122 3621 197 3676 non
221 3595 294 3669 stuc
324 3583 511 3667 uberrimis
534 3583 705 3658 lacrumis
735 3581 903 3678 sepultus.
962 3580 1035 3658 Vll.
1063 3580 1175 3656 Anno
1214 3591 1318 3670 1619.
1344 3581 1405 3657 die
1436 3610 1489 3659 10.
1519 3587 1614 3685 maji
1634 3593 1677 3666 ad
1695 3590 1737 3664 io·

122 3695 290 3797 stantiam
332 3710 411 3809 (vt
431 3705 577 3802 scriptor
595 3725 752 3779 coaeuus
780 3700 961 3802 loquitur)
986 3699 1204 3778 serenissimi
1231 3701 1447 3777 Archiducis
1476 3706 1649 3786 Austriae
1665 3710 1733 3786 Iro·

122 3837 215 3940 polsi
252 3828 417 3931 Episcopi
446 3821 738 3920 Argentinensrs,
774 3824 812 3901 ἀ
843 3819 1073 3897 Passauieosrs
1101 3823 1148 3897 ad
1185 3822 1476 3930 reformandum
1489 3829 1734 3908 Monasterium

128 3950 347 4057 (lengenbach
370 3946 460 4027 missu
486 3948 567 4021 suot
601 3942 670 4020 ΡΡ.
705 3941 864 4019 Plocirlos
895 3941 1068 4046 ssefflrr‘og
1095 3941 1198 4017 Prior
1228 3941 1382 4031 ibidem,
1421 3948 1459 4023 &
1485 3948 1639 4028 Moanrs
1668 3949 1740 4028 Bol-

123 4079 214 4177 doog
238 4070 395 4174 subprior
417 4070 454 4146 61
479 4063 711 4144 Nouitiorum
735 4061 904 4159 Magister
926 4061 1150 4139 constituma.
1207 4061 1308 4148 Quos
1332 4064 1433 4140 breui
1461 4066 1676 4167 insequutus
1701 4069 1742 4146 est

123 4201 163 4274 P.
178 4192 451 4274 Bartholomaeus
463 4189 552 4286 llsop
567 4182 816 4282 Augustanus,
838 4181 966 4259 studiis
981 4181 1173 4282 juniorum
1183 4182 1395 4261 Praesesius.
1434 4184 1497 4263 Hi
1518 4184 1741 4291 Geogrbocen·

114 4322 199 4425 srom
229 4313 384 4413 ipsorum
415 4306 619 4385 testimonio
655 4303 914 4383 Mooasterium
947 4315 1026 4382 tam
1055 4303 1094 4380 in
1119 4302 1372 4402 spiritualibus
1399 4330 1510 4406 quam
1542 4311 1742 4413 temporali·

121 4443 189 4520 bus
222 4436 315 4512 bene
341 4430 575 4507 constitutum
607 4426 855 4525 reliquerunt,
893 4425 1200 4511 &fundamenta
1229 4423 1532 4522 Coogregatioois
1560 4431 1742 4528 posieain

119 4558 261 4665 Assaria
288 4551 505 4634 constitutae
532 4547 651 4653 prima
671 4547 875 4651 posuerunt.
934 4544 1026 4627 VHL
1051 4544 1166 4627 Auno
1196 4551 1300 4625 1022.
1328 4568 1382 4640 19·
1402 4545 1502 4649 Junii
1521 4561 1601 4628 tres
1624 4556 1743 4629 Patres

1601 4684 1742 4770 petente
