3736 5160
593 204 648 347 Ἰ
746 217 1167 306 rme
1696 225 1768 310 uss
1843 292 1846 297 .

142 385 295 463 surrexit
321 409 434 484 usque
462 387 509 463 ad
541 388 651 467 finem
683 387 772 466 vitae
805 391 896 467 suae.
958 391 1030 477 Qui
1056 392 1141 470 dein
1178 394 1303 493 paucis
1338 404 1423 470 ante
1439 371 1591 470 'obitum
1618 389 1765 475 diebus.

141 507 315 598 nimirum
341 531 374 606 7.
406 506 504 602 Sept.
540 507 731 605 resrgnnuit
767 507 982 596 Abbatiam,
1015 535 1099 589 cum
1140 514 1346 610 praefuisset
1377 515 1641 606 animoso&
1674 509 1766 587 obiit

144 652 201 720 15.
224 627 322 721 Sept.
348 628 546 725 requiescat
571 628 609 704 io
633 642 782 704 aeterna
802 630 917 728 pace!
941 630 1116 709 hactenus
1140 634 1179 707 P.
1207 633 1339 732 Gotesr.
1362 632 1513 731 Reding,
1534 632 1703 728 pleraque
1718 652 1766 705 ex

141 748 181 823 P.
206 745 374 823 Bucelini
398 736 628 844 Ephemerid.
651 749 843 838 deflorata,
865 751 925 827 vbi
949 751 1063 828 multa
1083 764 1213 828 notatu
1239 752 1347 847 digne
1371 753 1544 848 adscripta
1571 752 1670 825 sunt:
1705 749 1765 825 seo

140 891 234 967 quae
258 880 338 943 tum
361 890 382 941 a
402 867 506 964 scopo
529 866 647 944 nostro
671 867 789 943 aliena
818 871 936 966 magis
964 870 1178 976 sunt‚,tum
1202 871 1314 946 etiam
1342 871 1551 969 prolixiora.
1581 891 1693 970 quam
1724 878 1765 944 vt

137 987 202 1064 hic
226 987 348 1063 iocum
369 987 568 1063 inueniant.
618 986 763 1063 Futuris
784 988 905 1086 aliqua
924 991 1161 1090 relinquenda
1180 1014 1324 1093 quoque
1353 994 1442 1067 suot.

234 1224 419 1323 Superest,
442 1235 484 1301 vt
505 1224 688 1323 epistolum
720 1227 902 1306 coronidis
936 1230 1017 1308 iooo
1049 1177 1237 1327 adjiciam,
1269 1252 1380 1330 quom
1409 1226 1601 1304 Benedidus
1630 1224 1762 1300 Montis

136 1345 177 1424 S.
204 1334 377 1444 (iorgii
366 1366 403 1420 sn
435 1343 551 1444 Tyroii
576 1345 721 1431 nohas,
746 1349 841 1444 apud
867 1374 935 1426 nos
958 1351 1144 1452 quondam
1160 1348 1379 1515 Discipulos,
1402 1361 1443 1428 st
1466 1349 1568 1443 supra
1589 1342 1759 1431 vidimus,

135 1466 184 1543 ud
201 1466 411 1542 Dominicum
432 1463 636 1565 perscripsit.
685 1465 790 1543 Haec
812 1466 888 1545 est·

233 1702 499 1804 Reuerendiffimc
531 1703 684 1804 Praestri,
720 1731 797 1807 amp
797 1704 905 1808 iiffitrn
941 1703 1101 1796 Domine,
1142 1705 1286 1801 Domine
1313 1703 1588 1807 obscurandiffime
1620 1701 1759 1778 Ordinis

127 1824 232 1927 'nostri
250 1824 485 1925 Monasserinm
506 1824 638 1901 Montis
664 1823 702 1904 S.
730 1824 869 1924 Georgii
895 1829 946 1900 in·
960 1823 997 1901 T
992 1827 1078 1924 proli
1103 1851 1208 1927 prope
1230 1823 1376 1905 Srbwaz
1395 1830 1513 1928 fitam,
1548 1849 1611 1899 ono
1638 1819 1758 1897 ubbinc
1851 1876 1859 1892 .

131 1944 231 2045 instro
255 1970 298 2018 esc
325 1945 461 2018 immani
492 1945 638 2020 incendio
669 1959 848 2022 extremam
886 1971 966 2045 pene
993 1950 1123 2022 ruinam
1147 1944 1273 2046 poffirm
1295 1945 1415 2048 susse,
1454 1941 1757 2043 Reuerendiffimum

132 2062 401 2141 Dominarionem
423 2067 601 2163 nestram
581 2090 655 2164 jam
685 2065 806 2141 dudum
831 2060 874 2140 ab
901 2065 979 2139 aiiir
999 2066 1080 2141 intel
1078 2063 1190 2165 lexiffi
1211 2064 1369 2143 arbitror.
1420 2062 1531 2140 Eine
1553 2063 1612 2137 boc
1634 2060 1755 2135 maium

123 2182 233 2286 seium
256 2209 314 2258 nor
336 2197 514 2281 premeret,
545 2187 643 2258 remit
666 2181 916 2285 irreparabilem
932 2183 1096 2284 jaderam
1115 2184 1220 2284 strena
1242 2210 1347 2272 mors,
1373 2209 1454 2283 quae
1474 2182 1604 2283 partiat
1592 2209 1655 2268 nn,
1682 2204 1755 2254 eum

129 2331 148 2379 e
167 2304 240 2403 sat
228 2329 257 2377 rr
286 2303 412 2402 copioso
439 2302 504 2379 Rei
504 2299 679 2402 igiosorruo
699 2318 805 2387 cortu,
835 2330 899 2380 uno
922 2308 992 2405 post
1013 2304 1064 2380 ait
1050 2318 1153 2380 terum
1170 2303 1338 2406 secereffiuc
1355 2302 1507 2404 subiot,o
1531 2306 1592 2378 oisc
1612 2300 1676 2398 seor
1693 2284 1754 2398 su·

125 2426 226 2526 persii
226 2437 273 2500 tes
291 2425 431 2522 fecerit,
399 2423 537 2498 tirout
560 2426 670 2499 mitius
690 2423 759 2525 ipso
789 2422 972 2500 Vulcano
958 2450 992 2500 m
1011 2420 1089 2500 diiii
1110 2427 1230 2524 montis
1252 2424 1377 2501 ineoias
1397 2425 1509 2528 poffim
1528 2418 1749 2524 graffabatur.

229 2661 353 2740 Verum
375 2687 414 2735 nc
434 2658 475 2735 ob
494 2664 568 2763 istos
588 2674 657 2737 tam
680 2664 783 2763 tristes
805 2660 915 2759 rosus,
945 2675 1088 2737 montum
1119 2661 1343 2760 Georgicorum
1362 2689 1385 2739 a
1407 2663 1519 2738 multis
1545 2664 1618 2759 jam
1635 2658 1752 2758 sarni·

127 2784 172 2863 iis
199 2783 428 2861 Benedibir'noe
440 2783 597 2881 sarrsiiiae
624 2780 776 2856 ceiebrrm
801 2779 978 2878 [infitiatum
1011 2783 1079 2868 ire,
1108 2793 1167 2856 out
1193 2794 1352 2881 perpetua
1386 2809 1457 2856 cnm
1483 2779 1621 2854 Ordinis
1651 2776 1752 2877 nostri

126 2907 310 3007 ignominia
333 2902 441 2977 cedere
463 2928 480 2974 ι
504 2902 575 2976 ioco
602 2900 680 2976 aiiis
703 2925 909 2998 cogeremur,
940 2899 1099 2997 duplicem
1126 2913 1193 2977 tum
1223 2899 1406 2995 moteripiis
1430 2924 1501 2975 cum
1528 2900 1626 2973 ctiam
1643 2894 1751 2995 spiri-

127 3030 229 3106 tuoiis
252 3025 495 3128 restaurationis
509 3017 680 3120 fabricam
701 3020 812 3094 moliri
833 3017 985 3121 ruccffnm
996 3021 1079 3116 snit.
1130 3020 1172 3094 In
1190 3019 1252 3095 iiia
1278 3019 1403 3116 quidem
1426 3017 1509 3092 nibii
1527 3014 1676 3092 isabienus
1695 3013 1750 3089 ia·

127 3146 217 3225 boris
238 3172 302 3244 neg
302 3146 430 3231 !,eiinm
449 3140 512 3241 scd
535 3140 611 3216 Deo
625 3142 675 3240 fic
698 3138 869 3214 concedent
854 3152 885 3214 tc
904 3165 969 3239 pro
990 3137 1158 3237 Religioso
1186 3136 1351 3213 Conuentu
1379 3151 1544 3234 utcumque
1566 3131 1750 3235 neccffuriis

127 3271 299 3365 contignat
284 3262 425 3340 tionibus
444 3261 561 3336 citima
587 3260 681 3334 modo
711 3262 889 3359 munuseji
916 3261 1074 3359 uppofito.
1128 3258 1230 3332 Hanc
1254 3284 1330 3333 vero
1362 3285 1433 3332 cum
1460 3257 1577 3354 absque
1606 3255 1748 3328 oliorum

118 3386 208 3488 subs
196 3386 263 3461 dro
282 3383 433 3484 prosequi
453 3405 651 3478 nequaquam
668 3390 721 3454 'sne
735 3377 821 3480 poffl
844 3379 1151 3466 aninsudnertrrrm,
1180 3403 1260 3476 prae
1279 3379 1357 3453 aiiir
1378 3378 1424 3452 ad
1445 3375 1748 3474 Reuerendiffimom

125 3507 176 3584 D.
210 3504 255 3582 V.
287 3503 477 3578 tendendum
503 3528 542 3575 ue
568 3499 821 3600 suppiicondum
852 3523 1012 3597 operaep
995 3511 1071 3596 ptrr
1072 3502 1155 3579 inm
1165 3499 1265 3585 duxi,
1301 3518 1365 3596 qna
1394 3523 1444 3572 me
1473 3501 1507 3571 in
1537 3494 1597 3570 boc
1627 3488 1748 3593 quoquc

124 3624 237 3704 iaborr
266 3636 451 3709 mucorem,
480 3623 575 3696 ossius
601 3633 659 3696 orrt
644 3619 814 3696 tduornm
838 3615 905 3692 Rei
890 3616 1079 3716 ligiofisrum
1101 3615 1239 3725 Patro-m
1265 3618 1364 3718 csuo
1387 3616 1575 3716 ampiiffirno
1597 3613 1776 3713 Religio,

116 3748 159 3850 so
189 3759 296 3833 coetu,
318 3742 510 3844 praesertim
537 3768 661 3830 eorum,
694 3744 749 3839 qui
772 3740 865 3841 opud
890 3735 1191 3838 Reuerendiffimnm
1219 3738 1320 3814 Dom.
1347 3762 1418 3811 mon
1421 3739 1464 3811 tis
1421 3735 1613 3811 tMasia
1641 3731 1746 3808 Proe-

116 3868 222 3971 suirm
247 3891 308 3964 pro
336 3878 476 3963 tempore
505 3860 611 3960 bospit
611 3888 644 3935 es
669 3874 790 3961 agunt,
759 3859 953 3936 counitio
979 3856 1058 3956 subi
1056 3885 1152 3933 ruore
1182 3861 1270 3934 velit.
1342 3855 1392 3932 Vt
1418 3856 1570 3929 nimirum
1603 3851 1746 3954 concrfflr

115 3988 183 4092 fibi
202 3988 248 4062 ad
267 4011 327 4061 nor
341 3983 411 4084 sese
437 3980 625 4080 conserendi
640 3981 826 4074 facultate,
865 3979 1013 4054 diminute
989 3993 1056 4052 turn
1082 4004 1220 4053 nnonmr
1255 3975 1470 4073 Confratrum
1502 3997 1666 4047 numerurm
1692 3997 1745 4045 rc·

112 4112 285 4212 flourore,
316 4118 409 4201 atque
433 4106 509 4200 puio
538 4101 584 4176 od
605 4104 719 4176 varim
747 4099 920 4175 identidem
948 4101 1134 4198 domesticos
1167 4120 1264 4171 curor
1295 4096 1320 4168 d
1319 4093 1524 4194 flrabrmnr
1553 4063 1746 4189 formandis
1846 4152 1852 4159 .

121 4229 169 4306 od
190 4225 319 4329 discipl
307 4250 380 4302 moe
406 4224 596 4323 monasticae
620 4246 766 4298 normam
786 4217 946 4319 [susceptis
965 4218 1099 4296 Noniin
1058 4231 1116 4292 tus
1140 4239 1271 4317 operum
1298 4228 1421 4290 nauare
1445 4212 1671 4312 dignarentur.
1764 4246 1767 4251 ·

218 4463 488 4565 Reuerendiffima
516 4460 562 4538 V.
593 4460 787 4537 Dominntio
811 4454 890 4533 boec
916 4451 995 4533 mibi
1021 4453 1107 4530 bonu
1126 4412 1199 4554 fide
1230 4452 1366 4552 roganti
1389 4452 1517 4528 orniam
1545 4445 1656 4537 dabit,
1685 4472 1745 4524 cur

119 4585 168 4667 ab
188 4614 261 4679 eam
278 4585 391 4687 potius
411 4608 508 4682 quam
535 4583 581 4659 ad
608 4581 693 4657 aiios
719 4577 894 4678 appuliam.
948 4556 1120 4781 gausa
1099 4599 1163 4650 non
1189 4596 1256 4651 ona
1276 4570 1342 4675 sed
1355 4571 1470 4672 piures
1491 4581 1643 4657 morunt,
1662 4590 1746 4667 qua

995 4716 1056 4796 ‘iq
1621 4712 1742 4768 Μ
