3736 5160
119 240 195 338 448
723 222 1142 330 emam&

22 494 28 498 .
119 413 285 513 tirsotium
310 441 325 490 e
351 443 384 502 e,
418 411 496 490 miii
516 413 704 515 perfirofirm
736 412 888 501 iodrum,
931 430 1028 514 prout
1065 441 1109 490 rx
1123 406 1284 489 '‘Domtnt
1315 411 1476 491 Germani
1508 416 1587 503 mei,
1619 418 1662 492 ori
1683 446 1715 494 er

119 515 281 614 ipstrunrrt
346 516 447 588 omini
469 511 660 600 Ordinorir',
687 511 733 586 ad
756 538 846 609 quero
869 512 1033 587 Dominus
1061 511 1196 610 Gospar
1219 511 1394 610 Scioppius
1414 508 1474 586 iror
1498 511 1569 610 ipso
1588 531 1716 590 monento

116 658 181 731 pro
204 631 269 731 suo
299 632 494 734 Drsenfione
524 631 759 732 proficiscimur,
802 631 957 708 relatione
978 632 1164 735 prolixiore
1196 632 1359 732 intelliget
1376 645 1437 709 rtc.
1489 631 1605 708 Datur
1628 631 1718 710 Writ-

118 766 238 852 garten
271 774 325 846 15.
353 750 551 828 Nouembris
573 776 658 827 anno
693 764 795 845 1⁶31·
823 750 878 849 s).

96 960 99 965 ’
214 964 363 1043 Interim
385 963 567 1042 Dominus
587 963 721 1062 Caipar
743 961 936 1062 Scioppius
958 964 1193 1061 Mariapurgo?
1207 963 1325 1042 redux
1348 961 1413 1042 eni
1440 965 1475 1041 se
1503 964 1588 1043 iotis
1609 965 1652 1044 ab
1672 965 1720 1044 im·

117 1085 241 1186 positis
269 1082 330 1163 srbt
359 1083 562 1163 calumniis
586 1085 786 1182 porgatietr
808 1099 934 1163 tamen
957 1107 1004 1160 ue
1027 1106 1091 1181 per
1108 1083 1240 1161 librum
1265 1083 1386 1169 suom,
1410 1107 1522 1183 quem
1542 1109 1664 1164 maore
1682 1109 1723 1162 or·

117 1205 218 1284 dinia
253 1203 365 1281 nostri
391 1204 544 1280 omnino
577 1203 840 1300 diuulgandum
870 1203 1126 1290 constituerat,
1173 1202 1313 1302 aliquae
1343 1204 1557 1309 vexationes
1587 1217 1725 1292 cremet,

124 1351 181 1402 η.
204 1322 330 1401 Martii
350 1322 438 1399 anni
460 1324 681 1422 insequentia
707 1332 811 1419 1632.
834 1325 975 1402 anobis
992 1323 1105 1401 libera
1128 1322 1315 1404 uoluntate
1336 1322 1505 1413 discedit,
1529 1325 1568 1404 dr
1593 1326 1728 1403 rander

121 1466 219 1521 anno
246 1451 351 1540 1634.
380 1455 524 1541 partum
547 1441 650 1519 suum
676 1465 725 1518 ex
749 1442 895 1520 officina
916 1442 1172 1543 Surgeorgiono
1197 1442 1363 1544 progredi
1381 1442 1496 1539 juiirt,
1525 1442 1658 1541 ubique
1679 1442 1731 1521 nit

120 1587 144 1640 a
170 1562 251 1640 solia
279 1559 903 1664 Jesuim,eorumque1²autoribua
927 1563 1102 1640 ambabus
1123 1565 1290 1641 manibus
1311 1575 1518 1660 exceptum.
1567 1562 1631 1641 Ad
1648 1563 1731 1640 hune

116 1683 267 1781 quidem
287 1683 522 1759 refutandum
550 1681 639 1760 varii
666 1705 714 1757 ex
738 1681 950 1781 Jesuitarom
972 1704 1081 1778 grege
1101 1683 1292 1780 praecipue
1321 1670 1363 1759 Ρ.
1379 1682 1525 1759 Paullus
1543 1692 1732 1780 haymann,

118 1803 159 1880 P.
181 1803 341 1903 Joaones
361 1799 529 1901 Crusrus,
553 1799 592 1878 ὃ(
610 1799 799 1896 Eugeniua
823 1803 998 1880 Laranda
1018 1800 1210 1880 Calamum
1231 1803 1479 1902 arripuerunt,
1509 1826 1605 1902 quoa
1626 1815 1733 1879 nmen

118 1924 163 2000 R.
183 1925 223 1998 P.
247 1922 437 1998 Romanus
460 1920 546 2019 Hay
567 1922 708 2018 egregie
732 1924 894 2023 depexos
915 1925 1067 2000 domum
1086 1919 1240 2006 remisit,
1265 1923 1376 2010 adeo,
1401 1935 1441 2000 vt
1461 1944 1556 2021 opus
1571 1922 1669 2021 quod
1684 1920 1735 1999 sub

117 2043 244 2123 iitiitio
270 2041 420 2120 nomine
443 2039 589 2141 Eugenii
618 2042 802 2120 Larundae
828 2043 980 2142 prodiit,
1021 2066 1076 2120 ιο.
1103 2034 1236 2117 meosra
1262 2041 1486 2143 Septembris
1518 2064 1619 2118 aooo
1646 2047 1734 2138 1640.

120 2165 165 2240 ab
190 2162 401 2241 Vniuersate
418 2154 620 2239 'viennensi
650 2172 837 2262 tamquam
869 2163 1011 2241 libellus
1046 2160 1195 2238 infamia
1232 2161 1445 2262 proscriptus
1479 2165 1520 2242 dr
1554 2162 1734 2240 dunum

118 2283 246 2367 suerit,
271 2280 334 2358 iub
363 2279 585 2360 irremiffibili
610 2305 728 2380 poena
757 2285 906 2382 triginta
938 2281 1181 2382 imperialium
1207 2285 1246 2363 dr
1274 2282 1531 2363 confiscatione
1560 2282 1733 2379 librorum,

118 2401 185 2504 qui
210 2401 281 2477 hoc
308 2399 541 2479 Schediatina
562 2401 619 2482 rei
637 2403 864 2506 imprimere,
891 2404 950 2487 ¹rel
977 2402 1105 2484 venale
1132 2424 1333 2504 exponere,
1365 2416 1430 2482 aut
1457 2401 1621 2481 retinere
1650 2423 1734 2502 prae

116 2519 294 2609 somniet

213 2741 317 2820 Haec
341 2748 447 2818 'eram
469 2739 632 2840 carparis
659 2742 820 2844 Scioppii
846 2765 912 2844 pro
941 2765 1085 2835 amore,
1110 2766 1183 2841 quo
1213 2740 1379 2830 veritati,
1411 2742 1450 2821 dr
1477 2738 1610 2821 Ordini
1623 2738 1733 2817 ‘nostru

122 2864 407 2948 adornarent,
438 2862 537 2951 satae
579 2888 759 2962 quaenam
790 2868 828 2940 P.
859 2865 1040 2952 Romani,
1077 2863 1145 2942 viri
1171 2861 1258 2940 sane
1278 2860 1464 2942 dottissimi
1490 2861 1598 2941 fimrd
1618 2863 1657 2939 dr
1678 2859 1735 2937 Re·

120 2981 324 3083 iigiosrifimi
354 2979 507 3069 fuerint,
530 2985 663 3062 melius
684 2985 735 3062 est
762 2983 879 3074 fidere,
904 3007 1015 3085 quam
1038 2984 1149 3085 ioqui.

114 3180 118 3186 ’
216 3223 274 3294 23.
294 3200 387 3278 Nor.
414 3197 1069 3280 e.a.Reuereodiis1muiD.Abbaa
1095 3197 1299 3300 Franciscor
1316 3194 1539 3274 Btuuborom
1566 3190 1735 3295 profidici·

120 3328 180 3401 tur
206 3321 253 3397 ad
288 3319 503 3398 elettionem
540 3320 628 3396 noui
658 3321 814 3399 Abbatia
847 3321 923 3423 post
952 3321 1216 3400 restitutionem
1236 3316 1443 3396 nonasterii
1467 3330 1526 3403 28.
1552 3317 1683 3395 iterum
1701 3338 1736 3391 eo

119 3438 351 3541 proficiscitur
381 3430 573 3537 praefatos¹
587 3440 632 3516 D.
650 3441 775 3520 Abbaa
798 3443 845 3520 ad
866 3442 1079 3522 eletiiooem
1103 3438 1269 3519 Abbatis.
1332 3436 1403 3525 Qui
1430 3438 1573 3535 primus
1599 3437 1673 3535 post
1693 3458 1735 3510 re

117 3561 283 3642 stitutum
305 3582 328 3636 a
350 3557 580 3636 Ferdinundo
602 3561 643 3638 lt
668 3563 805 3640 sacrum
826 3544 1011 3650 ordinem,
1045 3566 1143 3641 idem
1174 3583 1260 3638 vero
1290 3561 1327 3636 dr
1352 3556 1501 3637 vitimus
1529 3560 1657 3637 Abora
1678 3554 1735 3631 ele·

119 3684 197 3761 tius
222 3680 293 3758 fuit
326 3704 373 3754 ex
404 3680 543 3774 gremio
580 3680 699 3757 nostro
723 3683 1051 3764 Reuerenuiffimus
1076 3682 1123 3762 D.
1149 3680 1365 3782 liuprandus
1396 3674 1554 3757 Remboir
1580 3676 1737 3776 Augusta·

118 3823 210 3890 uua,
239 3796 387 3899 patritia
411 3799 550 3877 familia
573 3812 686 3880 ortua

217 4015 361 4093 1.Dec.
398 4017 670 4113 Promulgatum
707 4014 777 4094 fuit
806 4016 934 4097 festum
967 4020 1222 4098 immaculatae
1255 4013 1519 4118 conceptionis
1562 4014 1608 4093 R
1634 4015 1675 4094 V.
1695 4010 1770 4088 ii..

112 4134 325 4212 solemniter
351 4137 523 4237 deinceps
556 4139 759 4215 feriandum
785 4142 822 4219 dr
854 4139 1127 4228 celebrandum,
1160 4141 1259 4241 quod
1283 4137 1363 4214 aS.
1390 4134 1435 4212 D.
1462 4132 1606 4213 Vrbono
1641 4128 1732 4212 Vnt.
1768 4176 1773 4185 ,

118 4254 252 4332 Pontis.
283 4258 382 4333 Max.
420 4258 630 4355 impetrauit
664 4256 925 4354 glorioflffirnus
962 4260 1160 4360 Imperator
1199 4256 1428 4338 Fordinondus
1458 4254 1513 4332 II.
1551 4254 1733 4355 partim'u

117 4374 295 4471 majorem
316 4378 459 4454 suorum
485 4379 640 4474 vestigiis
675 4379 899 4468 inhaereret,
929 4383 1064 4481 partim
1088 4379 1128 4460 in
1161 4379 1358 4478 gratimmu
1387 4374 1573 4458 astionem
1601 4398 1664 4478 pro
1690 4382 1731 4450 ta

37 4574 41 4580 ,
117 4493 214 4572 intra
242 4496 465 4600 decennium
489 4500 648 4578 obtentio
677 4500 836 4582 vitioriia
860 4513 929 4579 etc.

1623 4663 1729 4739 nuno

160 4762 192 4839 r)
214 4756 293 4827 Itu.
305 4755 364 4845 soi.
386 4761 458 4831 no.
