3736 5160
142 208 216 289 37⁰
443 130 454 145 -
739 124 1160 287 *Ome

141 365 346 453 mandatis,
392 379 433 446 vt
457 367 557 445 Idem
582 367 620 443 in
644 369 972 446 Reuereodilsrrnae
993 368 1261 446 Dominationis
1298 368 1432 447 restrae
1460 368 1680 448 Monallerio
1705 394 1774 448 ex·

141 490 366 588 sequeretur:
406 489 463 562 sed
488 512 573 565 cum
596 486 658 561 illo
688 501 851 583 tempore
881 488 1002 565 cidem
1034 489 1203 583 grauiora
1229 488 1375 591 negotia
1407 489 1680 577 incumberent,
1722 493 1770 567 ob

139 611 219 685 noui
240 607 411 701 regiminis
434 610 550 703 (quod
576 621 617 683 vt
636 609 821 703 prosperos
851 607 1021 683 successus
1045 609 1179 684 lrabeat
1202 612 1464 709 peroptamus)
1490 634 1582 687 onor
1596 611 1644 687 R.
1667 604 1714 687 D.
1737 611 1771 693 v

138 724 362 823 impofitum,
399 751 457 801 res
479 727 768 803 incommodius
799 740 946 825 tempos
970 727 1084 803 dilata
1114 729 1194 805 suit.
1244 729 1367 813 Quam
1395 729 1446 805 ob
1468 751 1547 804 rem
1570 734 1616 806 R.
1636 730 1683 807 D.
1706 744 1766 807 re·

137 847 229 923 strae
256 844 368 924 animi
392 844 676 929 Beneuolentia.
713 870 823 943 quam
850 849 888 921 in
916 871 1052 922 omnes·
1082 848 1265 940 (maxime
1286 845 1452 943 religioni
1474 849 1666 944 addition)
1702 849 1762 925 ha·

138 966 222 1052 bet,
255 965 357 1046 sretl.
396 963 659 1052 eamodeslia,
703 989 772 1061 qua
796 968 921 1053 decet.
960 966 1005 1043 R.
1033 967 1080 1041 D.
1106 968 1256 1045 vestram
1275 965 1447 1053 summu.
1494 967 1633 1064 qulbus·
1653 966 1759 1064 poffu·

137 1108 239 1172 mus,
277 1081 398 1159 modis
419 1106 610 1179 rogamur.
643 1109 692 1161 ne
718 1100 889 1181 grauetur
914 1085 1049 1183 aliquid
1069 1087 1260 1170 frumenti.
1299 1084 1357 1163 vel
1383 1109 1543 1170 auenae.
1580 1086 1639 1165 rel
1659 1088 1754 1185 qnid·

116 1205 225 1304 ‘quid
251 1203 341 1278 illud
367 1201 435 1287 fit,
483 1201 630 1301 inopiae
664 1204 803 1279 nostrae
831 1206 1014 1285 conferrez
1055 1204 1302 1300 gratificatum
1329 1203 1368 1279 in
1402 1204 1473 1279 hoc
1505 1203 1589 1281 Deo
1620 1205 1749 1305 optime

47 1372 52 1382 ι
136 1325 320 1403 maximo.
361 1322 456 1417 apud
481 1342 591 1513 quem
611 1323 882 1411 Munificentia.
921 1325 1125 1421 praebetim
1148 1324 1281 1420 iniuria
1297 1324 1422 1420 predia
1444 1322 1627 1409 exhibita,
1656 1346 1747 1405 nrm·

135 1465 247 1546 quam
275 1442 336 1516 sua
361 1461 482 1513 merce
508 1462 529 1513 e
559 1453 671 1515 caret.
741 1441 817 1516 Sed
850 1441 888 1521 &
918 1464 986 1518 nos
1010 1442 1237 1528 conabimur.
1287 1455 1326 1520 rt
1353 1442 1465 1538 hujus
1490 1443 1659 1521 beneficii
1683 1467 1745 1540 per·

135 1574 246 1661 petua
272 1561 309 1634 in
337 1558 572 1633 mationibus
597 1558 727 1635 nolbis
757 1573 905 1661 maneat
932 1561 1119 1637 memoria.
1164 1562 1278 1658 Cogit
1302 1585 1386 1639 vero
1407 1584 1479 1637 nor
1507 1563 1556 1639 ad
1577 1563 1623 1639 R.
1649 1562 1691 1639 D.
1710 1564 1742 1644 V.

135 1703 243 1782 opero
275 1678 536 1779 implorandam
552 1698 638 1754 ἰιοιι
672 1678 784 1755 solum
812 1679 905 1755 haec
931 1681 1049 1757 nostra
1074 1680 1213 1778 inopia..
1257 1704 1386 1759 verum
1417 1682 1530 1759 etiam
1564 1702 1742 1779 pauperum

135 1803 173 1880 dt
206 1798 443 1882 subditorum.
488 1795 671 1894 qulbusli
706 1798 971 1896 eleemosynam
997 1800 1088 1878 dere
1111 1824 1185 1875 non
1213 1800 1399 1896 possimus.
1447 1799 1631 1877 deteriora
1657 1803 1740 1881 nobit

133 1917 296 1994 timenda
322 1927 441 1993 erunt.
502 1916 817 1997 Commendamus
853 1918 977 2018 itaque
1005 1941 1074 1995 nos
1098 1917 1328 2016 nostramque
1359 1920 1510 1997 domum
1539 1919 1587 1996 R.
1612 1919 1657 1997 D.
1690 1943 1735 1999 re·

132 2037 240 2123 strae.
278 2036 336 2116 cui
362 2036 474 2116 etiam
496 2060 584 2115 cunr
613 2035 685 2112 stris
712 2034 877 2135 prospera
903 2045 1115 2136 quaequed
1140 2036 1299 2114 Domino
1326 2037 1407 2113 Deo
1431 2060 1633 2135 precamur.
1680 2040 1734 2117 Dr·

133 2169 192 2235 tae
216 2181 263 2231 ex
287 2154 475 2262 Cartbufia
501 2155 618 2231 nostra
642 2154 775 2256 lrr'rrgerr
802 2181 914 2257 prope
946 2155 1194 2239 Constantiam
1220 2157 1327 2233 Ptide
1344 2157 1497 2235 Caleod
1522 2159 1642 2253 Maiae
1660 2182 1733 2235 mm

107 2290 319 2374 ,reparatae
344 2272 476 2349 salutur
503 2281 607 2367 1586.
654 2275 982 2362 Reuerendiffimae
1002 2275 1273 2354 nominationis
1296 2275 1673 2359 Vestraedeuntlffimi
1688 2277 1728 2355 ll.
1792 2298 1797 2307 ‘

133 2394 252 2473 Petrus
274 2392 393 2483 Ptlm.
422 2390 467 2475 ss
490 2391 687 2478 Culmus.
1106 2431 1111 2441 ¹
1447 2442 1452 2447 ·
1582 2432 1591 2447 ·

227 2634 340 2713 Anno
371 2644 476 2730 1587.
512 2657 565 2709 ιο.
589 2629 754 2710 Οᾶοιιιίι
781 2628 873 2707 aliar
902 2651 1050 2730 quoque
1080 2630 1243 2708 Litterae
1277 2634 1323 2711 ab
1359 2631 1504 2710 Andron
1539 2628 1727 2736 Warrrd

131 2753 313 2833 Celsrlbmi
338 2752 514 2851 Principia
536 2752 574 2830 δι
598 2751 666 2849 Epi
669 2751 760 2849 scopi
787 2748 1068 2826 constantiensis
1091 2752 1209 2828 Murci
1235 2751 1351 2830 Sinlcr'
1375 2751 1414 2827 S.
1437 2752 1483 2829 R
1508 2753 1555 2829 E·-
1586 2752 1731 2832 Cardine·

129 2875 208 2953 lis'
198 2897 234 2950 ιιι
261 2872 505 2971 spiritualibus
522 2870 666 2950 Vicario
690 2870 852 2966 genereii
881 2870 1020 2981 accepit
1049 2871 1182 2968 quibua
1207 2894 1302 2947 cura
1324 2872 1527 2947 Maniolr‘rrm
1547 2868 1731 2975 Alblorffa·

124 2998 210 3100 fiam
234 2993 270 3070 ei
292 3015 406 3090 qaam
434 2988 679 3069 efficiosrlsrme
704 2990 965 3081 committitur,
1017 2990 1105 3066 data
1130 2989 1323 3075 facultate.
1371 2991 1428 3066 eir
1460 2992 1601 3069 nedum
1631 2991 1733 3069 Su*

131 3127 257 3193 menta
295 3109 587 3195 administrandi.
645 3109 706 3185 sed
747 3109 861 3186 etiam
900 3131 965 3185 eas
1004 3133 1066 3206 pro
1102 3088 1248 3187 aurelio
1289 3102 1733 3197 resonnmdi.ris1taml

133 3213 326 3331 omniaque
352 3230 528 3317 faciendi,
566 3227 745 3328 quidquid
776 3253 799 3303 e
832 3251 873 3304 re
900 3228 1054 3325 ipsarum
1080 3228 1176 3315 sore.
1218 3227 1291 3327 ipse
1314 3227 1545 3324 jndicauerit.
1617 3231 1736 3331 lotape

105 3368 275 3454 'quoque
298 3352 420 3427 eidem
456 3348 627 3426 concedit
659 3347 874 3446 potestatem
909 3336 1067 3424 Mitrem
1096 3350 1134 3426 u
1165 3348 1317 3425 Sorores
1350 3349 1521 3445 regendi.
1563 3344 1739 3448 puniend.

131 3474 172 3550 in
200 3472 336 3549 muniis
371 3469 410 3547 &
441 3467 570 3545 officiis
600 3468 868 3550 constituendi.
907 3467 1137 3566 deponendi.
1177 3465 1348 3544 lllouitiar
1380 3467 1616 3564 incipiendi..
1648 3460 1743 3549 &ed

121 3592 308 3670 ,Ordinem
333 3584 551 3663 admittendi
576 3597 647 3661 etc.
704 3587 829 3669 Quum
855 3574 1124 3683 igitur'nedum
1152 3585 1391 3662 Fundationia
1418 3585 1516 3681 jure,
1558 3588 1623 3667 sed
1649 3590 1742 3665 edan

131 3706 295 3809 Episcopi
320 3705 510 3784 voluntate
537 3716 724 3801 paternam
751 3705 790 3781 in
810 3729 887 3783 eas.
905 3705 1110 3785 obtinuisset
1132 3705 1364 3803 potestatem.
1393 3718 1591 3803 paternam
1618 3725 1742 3813 quoqne

130 3830 186 3907 ei·
215 3825 391 3903 exhibere
418 3845 560 3909 curam.
598 3822 637 3903 δι
668 3822 953 3901 sollicitudinem
967 3824 1092 3903 voluit.
1142 3825 1263 3911 Quare
1287 3836 1402 3923 quum
1425 3825 1581 3920 injurias
1602 3852 1674 3907 nou
1689 3850 1743 3904 an·

130 3949 273 4047 tiques
282 3952 428 4020 motum
456 3940 586 4025 ooll'et.
630 3942 690 4019 sed
721 3964 837 4017 nouas
870 3942 986 4019 etiam
1013 3942 1051 4018 io
1082 3942 1163 4018 dies
1189 3944 1354 4043 querelas
1374 3945 1537 4032 audiret.
1582 3950 1683 4026 daur
1710 3942 1748 4025 rl

130 4056 281 4169 Roriam
312 4059 622 4141 coostmueoem
645 4060 796 4139 Litteris
818 4061 942 4159 petiit,
988 4072 1028 4138 vt
1057 4061 1167 4160 liujua
1188 4063 1437 4140 parthenonis
1470 4064 1648 4145 inimicos
1675 4090 1747 4170 poe

130 4187 189 4265 nir
224 4179 467 4277 eccleliailicir
504 4184 692 4272 coercere.
740 4202 878 4279 eorqoe
906 4180 954 4256 ad
986 4179 1248 4261 rellimtlonem
1272 4204 1423 4272 eorum,
1457 4187 1632 4283 quaein
1658 4186 1749 4267 ruffi·

131 4327 257 4385 corum
307 4298 467 4378 tumultu
512 4309 639 4376 contra
683 4299 741 4378 sar
781 4298 821 4381 bt
858 4300 963 4399 nesea
1003 4298 1234 4390 abstulissent,
1278 4300 1495 4398 compellere
1537 4306 1747 4404 dignaretur

129 4426 332 4521 Vtrumque
356 4418 526 4515 Magistro
550 4418 730 4499 Michaele
749 4417 894 4499 Rubein
920 4419 967 4522 r)
993 4416 1246 4511 procuratore.
1277 4423 1317 4503 dr
1343 4421 1496 4515 Notario
1515 4427 1747 4530 consequautr

173 4660 208 4744 r)
234 4657 315 4727 rom.
337 4666 391 4736 28.
405 4654 465 4743 sol.
483 4665 558 4737 288.
1714 4718 1720 4729 .
