3736 5160
708 194 1127 287 affimat
1491 171 1502 193 ’
1655 202 1729 285 41⁵

213 366 284 459 ,ii
311 378 389 447 toto
414 365 655 467 Fundationia
678 378 841 467 tempore
872 372 965 449 haec
989 370 1191 467 collegiata
1210 366 1367 447 Ecclesia
1398 391 1462 467 pro
1494 374 1642 445 exemta
1664 364 1729 455 lia·

102 492 216 579 „bita
238 480 306 576 est,
332 499 372 565 vt
398 488 665 566 Documentum
690 488 833 567 nullum
855 490 917 577 sit,
952 493 1046 569 vnde
1071 490 1322 586 sublestionern
1346 488 1557 565 ordinarius
1580 486 1730 586 probare

105 609 257 708 ,polsit,
295 605 446 703 ipsomet
466 608 539 680 lioc
563 604 667 685 idem
687 608 823 685 fatente
856 608 1029 698 Pistorio,
1064 611 1126 709 qui
1159 610 1374 689 modernum
1403 608 1500 681 illius
1531 602 1728 689 Ecclesiae,

104 724 405 825 „Praepositum
431 738 473 802 vt
496 726 606 803 etiam
633 727 840 805 Canonicos
863 728 1002 807 visitare
1026 729 1121 816 vult,
1146 728 1185 806 dr
1204 728 1528 811 confirmationem
1553 724 1598 803 ab
1625 723 1731 801 Ordi-

104 848 237 937 „nario
265 846 463 945 petendam
488 845 557 921 else
581 845 781 921 contendit.
1461 876 1468 885 =

203 1024 333 1112 „Misit
356 1026 401 1100 ad
427 1048 488 1100 me
512 1023 557 1099 D.
583 1024 719 1101 Comes
743 1022 944 1129 Joarir'iinrs
968 1048 1030 1103 me
1052 1030 1261 1127 requirens,
1291 1038 1332 1105 vt
1356 1037 1530 1122 tanquam
1553 1022 1729 1101 Commis-

106 1146 251 1235 „sarius
284 1140 497 1219 Pontificius
529 1142 724 1220 Ecclesiam
741 1144 861 1273 ³illam
892 1160 1019 1221 contra
1056 1148 1288 1222 ordinarium
1326 1146 1595 1222 defendendam
1628 1142 1729 1218 susci·

101 1266 245 1365 „piam
297 1259 494 1359 Respondi,
516 1274 557 1339 vt
576 1264 712 1338 Comes
735 1276 837 1339 curet
861 1266 1144 1341 commissonem
1170 1289 1289 1341 meam
1315 1288 1337 1339 a
1359 1264 1534 1339 moderno
1553 1261 1728 1338 Pontifice
1840 1252 1856 1353 ¹.

101 1381 362 1479 ¹,s'nniirmari3
389 1382 593 1458 Concilium
619 1382 871 1459 Trideiitlnum
897 1383 1022 1458 multis
1048 1387 1207 1483 antiquis
1232 1381 1429 1479 priuilegiis
1448 1382 1638 1475 derogare,
1655 1381 1727 1490 'du-

102 1502 245 1594 „bitarl
271 1500 385 1599 posse,
413 1525 458 1576 ari
486 1502 524 1577 in
549 1502 719 1579 omnibus
743 1501 803 1576 illa
829 1502 1073 1603 Praepofitura
1098 1506 1142 1580 ab
1165 1503 1356 1579 Ordinario
1380 1512 1527 1576 exemta
1550 1500 1609 1585 sit,
1627 1522 1728 1595 prae·

100 1622 257 1714 „sertim
282 1623 320 1696 in
347 1621 411 1704 lis,
436 1644 527 1716 quae
549 1621 731 1717 pertinent
755 1623 802 1696 ad
828 1622 962 1698 Curam
986 1626 1208 1711 animarum,
1243 1624 1281 1698 dr
1305 1622 1560 1697 comestionem
1580 1619 1726 1697 delitio-

100 1768 227 1836 „runi-
279 1744 361 1819 Non
385 1739 534 1836 dispicet
557 1740 691 1815 Comiti
717 1739 787 1813 hoc
813 1764 936 1815 meum
966 1741 1181 1826 confilium,
1207 1740 1269 1839 qui
1296 1739 1450 1815 secundo
1477 1738 1570 1813 misit
1594 1762 1726 1829 orans,

98 1876 177 1951 „st
210 1838 389 1937 cuin'suis
412 1848 562 1935 litteris
587 1860 625 1935 dr
649 1881 751 1934 meas
776 1861 820 1933 ad
847 1860 1078 1937 Cardinalem
1104 1858 1325 1937 Madrutium
1362 1858 1578 1954 adjungam,
1616 1880 1726 1955 quem

101 1994 307 2079 „tanquam
333 1978 539 2073 Cognatum
567 1981 666 2054 suuni
693 1978 957 2054 sollicitatorem
980 2002 1130 2055 exorare
1152 1980 1263 2066 velit,
1298 1978 1398 2056 vtio
1425 1981 1510 2055 vrbe
1534 1976 1726 2053 confirma·

104 2102 278 2191 „tionem
304 2109 481 2196 procuret.
551 2098 634 2173 Non
661 2098 762 2195 potui
783 2099 879 2173 hanc
905 2100 1119 2197 petitionem
1144 2098 1283 2175 Comiti
1314 2100 1508 2193 denegare,
1541 2097 1640 2176 volui
1668 2110 1724 2174 ta·

106 2242 218 2310 „men
241 2218 342 2319 prius
366 2217 599 2292 Paternitatis
622 2230 706 2293 tuae
731 2219 856 2293 audire
881 2219 1106 2296 sententiam.

195 2396 351 2489 „Primo
373 2468 378 2475 .
401 2395 463 2474 An
489 2404 608 2494 putet,
632 2410 816 2475 exemtani
842 2397 911 2473 else
938 2398 1033 2473 hanc
1053 2392 1282 2475 Ecclesiam?
1303 2391 1385 2473 'effe
1409 2394 1613 2495 probatur?
1639 2394 1725 2495 quia

96 2521 306 2611 „Pontifex
326 2517 423 2617 juffit
449 2517 606 2593 Comitis
629 2517 716 2593 olim
743 2518 839 2593 illius
863 2517 1080 2593 Fundatoris
1105 2517 1350 2596 ordinationes
1375 2514 1602 2606 confirmari,
1628 2518 1724 2595 inter

96 2664 224 2741 „quas
248 2662 318 2715 vna
346 2638 421 2722 eli,
456 2651 496 2711 vt
521 2637 725 2731 Propositus
758 2638 803 2712 ab
826 2636 970 2715 Abbate
1004 2634 1265 2733 Weiiigartenfi
1292 2650 1467 2735 perpetuo
1497 2634 1721 2725 inuelliatur,

96 2756 234 2857 „quod
259 2758 427 2833 hattenus
454 2755 707 2831 continuatum
730 2754 790 2831 est.
854 2755 983 2852 Neque
1014 2740 1254 2833 Exemtionir'
1281 2744 1523 2859 ignorantiam
1555 2768 1722 2854 praeten-

96 2881 215 2968 „dere
237 2874 350 2975 potest
373 2875 586 2952 ordinarius.

194 3056 330 3142 „Nam
359 3054 483 3133 Abbas
520 3055 657 3153 prinius
688 3042 972 3135 Commissarius,
1015 3046 1160 3128 Bullarn
1187 3048 1415 3127 pontificiam
1449 3055 1486 3130 di
1524 3051 1720 3128 ordinatio·

100 3197 199 3269 „nes
227 3176 306 3251 illas
329 3174 512 3272 Episcopo·
527 3187 614 3249 tunc
644 3195 706 3270 per
732 3170 921 3248 Notarium
948 3170 1140 3247 infinuauit
1155 3156 1173 3261 ,¹
1197 3173 1295 3270 quod
1321 3171 1415 3246 clare
1440 3182 1541 3268 patet
1565 3195 1613 3247 eir
1640 3170 1721 3246 Ori·

99 3296 243 3394 „ginali
268 3294 307 3372 dr
329 3292 462 3369 lisdem
486 3293 631 3391 Copiis,
657 3312 809 3391 quarum
835 3287 995 3389 superius
1018 3294 1109 3370 satta
1134 3292 1273 3369 mentio
1302 3304 1371 3369 etc.

197 3530 217 3564 „
226 3474 393 3554 Secundo:
426 3476 593 3558 Quaero,
628 3496 673 3547 an
697 3472 809 3547 etiam
842 3472 1098 3568 consequenter
1121 3464 1157 3546 in
1186 3466 1265 3547 aliis
1290 3483 1436 3549 exemta
1459 3468 1521 3560 sit,
1554 3479 1596 3549 vt
1627 3469 1722 3572 circa

97 3594 268 3687 „Curam
292 3592 529 3680 tlnimarum,
563 3591 907 3668 administrationem
933 3593 1270 3681 Sacramentoruni,
1303 3594 1340 3671 di
1364 3593 1458 3668 circa
1480 3588 1720 3667 visitationem

96 3771 120 3807 „
130 3714 322 3791 Ecclesiae.
375 3712 558 3787 Hatlenus
585 3706 777 3807 Praepositi
806 3707 902 3785 iliius
932 3704 1127 3796 Ecclefiae,
1162 3712 1223 3812 qui
1246 3712 1346 3789 simul
1374 3710 1527 3787 Parochi
1549 3711 1647 3795 sunt,
1674 3710 1719 3785 ab

97 3836 271 3927 „Abbate
302 3829 564 3925 Weingmtensi
590 3829 792 3927 adprobati,
828 3852 901 3905 non
925 3832 1312 3919 obstanteordinario,
1344 3826 1581 3907 Sacramenta
1604 3829 1720 3905 admi·
1768 3836 1772 3841 ’

96 3952 327 4045 „nistrarunt
378 3951 517 4025 Eodem
544 3950 652 4024 inodo
678 3953 714 4026 di
739 3950 931 4034 Canonici,¹
967 3934 1041 4027 n'on
1071 3952 1232 4028 obstante
1258 3951 1468 4034 Ordinatio,
1507 3952 1720 4027 Sacramen-

96 4084 251 4165 „torum
277 4068 622 4143 administrationem
656 4082 903 4144 exercuerunt.
974 4071 1051 4147 lino
1083 4075 1119 4149 dr
1148 4073 1240 4147 allus
1265 4073 1428 4168 quidam,
1470 4070 1530 4167 qui
1554 4071 1717 4147 Vicarius

96 4190 179 4283 „est
211 4191 247 4265 in
284 4183 457 4263 Parochia
489 4187 574 4263 iiulc
602 4184 777 4262 Ecclesiae
805 4186 1026 4286 collegiatae
1053 4191 1293 4289 incorporata,
1335 4191 1373 4265 iii
1404 4190 1574 4264 omnibus
1602 4212 1716 4289 aeque

96 4334 174 4403 „ac
206 4298 277 4406 ipse
301 4306 524 4402 Praepositae
548 4304 586 4383 dr
614 4304 790 4383 canonici
817 4324 986 4385 exemtus
1008 4298 1239 4386 habitus'est.
1304 4306 1400 4386 Huic
1430 4323 1554 4385 tamen
1582 4310 1716 4388 Exem-

96 4429 221 4521 „tioni
243 4426 379 4504 obstare
399 4427 542 4503 videtur
559 4427 764 4505 Concilium
792 4428 1112 4530 Tridentinum*).
1179 4427 1322 4506 Deinde
1341 4430 1380 4506 in
1403 4429 1485 4526 ipsis
1510 4418 1716 4508 Ordinatio·

1575 4553 1714 4641 „nibus
1861 4588 1865 4595 ·

132 4668 167 4743 2)
191 4662 245 4731 Eo
264 4669 366 4733 vinni
384 4663 547 4735 Canonuin
566 4662 673 4735 indum
684 4662 807 4753 suintila
823 4666 1010 4755 praeditum,
1038 4662 1094 4755 sed
1113 4666 1153 4742 δι’
1171 4664 1334 4758 asserueris
1394 4692 1456 4740 uiri.

915 4798 1027 4893 Ges
