3736 5160
203 219 272 310 278

201 386 288 464 Duo
323 382 794 505 W'rtrrzberge'rrsts,410isius
827 387 1051 489 Cirr'ssopdorr'
1085 410 1204 485 nuper
1233 387 1402 465 defuncti
1447 385 1627 463 Mandato
1666 385 1838 461 caesareo

199 507 311 584 coatii
332 506 383 581 ad
407 507 505 583 diem
537 533 593 583 ao.
619 508 742 582 Martii
773 508 1007 585 conuentum
1034 508 1076 585 V
1073 509 1157 583 imm
1178 507 1432 583 celebrandum
1460 506 1685 589 indicerent,
1717 518 1838 602 atque

199 626 285 701 talia
310 624 590 701 Desibe'rationis
621 630 739 723 capita
768 639 1029 725 proponerent,
1073 650 1165 725 quae
1190 625 1251 702 uix
1279 637 1343 700 aut
1371 648 1418 700 ne
1447 626 1510 702 vix
1533 625 1684 720 quidem
1723 625 1836 701 natus

198 747 387 821 tolerando
424 744 551 829 client,
604 746 730 822 omnis
764 749 811 823 de
851 747 1001 823 ferendo
1039 745 1200 821 externis
1239 743 1375 819 auxilio
1412 742 1592 839 disparent
1631 742 1836 839 Cogitatio.

199 864 296 951 Quin
325 863 398 963 ipse
425 863 684 940 Maximisiomu
711 865 897 965 Imperator
925 867 1016 942 dato
1045 865 1094 943 m
1118 863 1253 940 Cirouli
1276 862 1479 941 Diresiores
1499 862 1738 960 Diplomate,
1775 886 1832 939 cn·

197 984 257 1080 jus
288 981 548 1080 Apograpnum
571 984 617 1058 ad
637 982 822 1063 Abbatem
844 986 1005 1062 nostrum
1027 991 1066 1079 o)
1103 983 1275 1061 mittente
1297 981 1601 1079 nuce-peruenit,
1627 982 1832 1077 praecepit.

197 1117 239 1183 vt
266 1102 376 1179 status
399 1103 444 1177 ad
469 1101 699 1187 soluendum,
737 1106 837 1203 quod
867 1128 966 1181 enno
998 1105 1108 1201 priori
1138 1103 1261 1179 Mense
1284 1100 1488 1199 Septembri
1511 1100 1674 1200 Bingne,
1693 1105 1741 1180 dt
1760 1103 1829 1179 No·

197 1221 338 1302 rembri
362 1219 518 1296 Coloniae
543 1221 811 1318 promisserunt,
842 1247 906 1322 pro
929 1224 1027 1298 Besso
1055 1222 1188 1299 Gottico
1216 1220 1408 1296 subsidium
1432 1220 1633 1315 adigerent.
1695 1221 1835 1300 verum

197 1339 322 1418 Abbas
345 1340 466 1415 noster
486 1339 557 1415 hoc
584 1339 825 1439 Praeceptum
856 1341 1062 1440 praeuenit,
1091 1340 1295 1417 numeratio
1315 1339 1393 1435 iam
1415 1361 1474 1417 au
1498 1337 1665 1436 Junuarii
1683 1346 1733 1437 p)
1767 1341 1837 1415 Ra·

198 1457 387 1556 ueospurgi
414 1481 478 1555 pro
501 1468 584 1538 ruta
615 1459 790 1557 pecuniis.
859 1463 943 1537 Nec
975 1461 1047 1536 hoc
1069 1460 1188 1537 solum
1217 1468 1318 1544 erat,
1370 1469 1415 1534 vt
1446 1458 1555 1535 facile
1586 1460 1700 1535 eon'
1714 1471 1739 1526 ἰ
1787 1495 1790 1520 2

196 1578 301 1663 iicet,
340 1579 439 1677 quod
466 1581 578 1675 pendi
614 1581 662 1657 ab
684 1579 824 1678 Joaone
852 1579 1001 1674 vestigas
1029 1578 1175 1661 debuits
1216 1577 1323 1655 omni
1353 1598 1447 1677 pene
1482 1578 1630 1655 strando
1663 1578 1706 1655 in
1739 1602 1835 1659 arma

197 1699 236 1778 δι
261 1720 374 1774 necea
401 1709 515 1773 moto.
575 1700 682 1775 Adeo
705 1697 803 1782 sane,
842 1711 882 1775 vt
908 1722 1005 1774 anno
1032 1720 1138 1797 1574
1172 1696 1209 1773 in
1239 1697 1433 1775 Cammera
1455 1696 1643 1794 surperiaii
1668 1699 1830 1777 remimu-

196 1843 281 1901 nem
306 1829 431 1916 petere
461 1816 597 1892 necesie
627 1817 753 1901 fuerit,
796 1819 1105 1915 quemadmodum
1125 1843 1173 1893 ex
1196 1817 1343 1893 Litteris
1370 1817 1536 1894 Dosioria
1551 1814 1714 1921 ,Joauais
1731 1818 1827 1919 Vestri

197 1939 328 2013 eodem
356 1959 453 2011 anno
479 1962 513 2034 4.
542 1937 761 2015 Nouembris
789 1939 836 2012 ad
857 1937 1106 2013 canceilariae
1130 1937 1271 2013 nostrae
1291 1936 1516 2013 Praefectum
1539 1934 1714 2043 Jocosm
1735 1935 1820 2033 Hys-

196 2054 332 2156 sisomm
356 2055 452 2130 datis
477 2054 727 2151 intelligimur.
778 2058 817 2132 Id
833 2059 931 2156 quod
953 2057 1092 2134 nemini
1116 2055 1250 2133 mimm
1272 2055 1470 2142 videbitur,
1507 2053 1535 2131 ss
1561 2066 1711 2153 praeter
1726 2080 1821 2133 eom·

197 2186 328 2253 munes
352 2173 464 2269 huius
491 2177 623 2250 aetatis
653 2179 861 2254 Aerumnas
887 2176 1080 2273 singulares
1107 2175 1313 2253 Monasterii
1334 2174 1443 2253 nostri
1463 2174 1673 2274 perspettaa
1700 2174 1830 2251 habue-

197 2296 255 2373 rit
306 2299 458 2381 Annum
486 2295 626 2372 etenim
655 2316 765 2394 prope
789 2296 928 2373 nulium
959 2308 1038 2372 toto
1066 2296 1120 2371 'sni
1139 2276 1514 2392 regiminie‘tempore
1535 2297 1582 2370 ab
1606 2295 1717 2373 omni
1745 2294 1834 2369 cala·

196 2416 326 2493 mitate
351 2412 504 2490 iiberurn
532 2413 637 2489 vidit.
701 2416 752 2495 Vt
775 2415 875 2492 euim
903 2414 994 2489 nihil
1022 2416 1141 2495 dicam
1169 2416 1216 2489 de
1239 2413 1431 2509 grandine,
1476 2436 1572 2512 quae
1597 2436 1702 2493 anno
1728 2422 1830 2508 15⁶9»

197 2559 231 2630 3.
260 2532 345 2633 Julii
374 2554 522 2609 omnem
560 2534 700 2630 prorsus
737 2533 894 2630 segetem
936 2535 979 2609 in
1020 2532 1150 2611 Scsrsier
1187 2533 1332 2633 Corsre,
1389 2530 1655 2623 Sisennam,
1706 2532 1830 2611 Grae

196 2653 296 2741 boch,
319 2636 510 2739 ,Bodoeci
562 2652 807 2733 Auckmrrutle
839 2653 954 2741 acin
986 2651 1212 2750 circumjesia
1262 2651 1425 2748 Regione
1456 2652 1686 2731 deuastatrit:
1742 2652 1820 2727 n“

196 2777 243 2851 de
266 2771 450 2849 sterilitate
473 2784 607 2858 terrae,
649 2794 743 2871 quae
769 2796 867 2849 anno
900 2796 1004 2870 1521.
1031 2785 1136 2848 tanta
1162 2782 1258 2859 erat,
1303 2783 1346 2850 vt
1372 2794 1427 2847 err
1446 2783 1507 2851 tot
1531 2772 1698 2860 Vinetie,
1736 2792 1829 2869 quae

199 2890 457 2972 Monasterium
480 2890 695 2985 possederat,
736 2914 787 2967 ne
803 2892 908 2969 rnieo
927 2884 1068 2988 'quiden
1094 2891 1168 2968 uini
1201 2903 1325 2987 gutta,
1368 2891 1407 2970 &
1441 2914 1490 2967 ex
1523 2892 1620 2988 aguis
1657 2887 1866 2969 iumenti

195 3013 310 3090 ferme
336 3008 428 3084 nihii
450 3000 577 3088 vineis
603 3010 732 3087 nostris
768 3010 869 3086 iliata
902 3010 1032 3087 suerite
1072 3010 1163 3087 nihil
1187 3013 1234 3086 de
1262 3011 1454 3108 asperrimo
1491 3009 1655 3108 Hyemia
1681 3010 1829 3107 frigore.

197 3133 296 3230 quod
322 3129 384 3206 sub
418 3127 530 3205 finem
573 3129 662 3205 anni
691 3152 795 3228 1572.
830 3133 871 3208 dr
901 3128 1081 3227 sequentis
1117 3130 1262 3206 initium
1295 3130 1500 3207 misertum
1537 3131 1684 3207 nedum
1714 3129 1829 3205 nem

196 3249 417 3347 potamicum
438 3248 520 3342 gelu
546 3250 607 3323 suo
635 3246 909 3334 constrinxerat,
935 3273 1061 3325 verum
1090 3251 1201 3324 etiam
1226 3247 1321 3325 vites
1338 3248 1544 3347 plerasque,
1569 3251 1609 3327 dr
1632 3250 1825 3325 sementen

197 3370 312 3445 ferme
347 3390 494 3443 omnem
529 3367 695 3459 necauit;
732 3367 822 3442 nihii
853 3366 1011 3467 denique
1044 3371 1091 3445 de
1126 3369 1365 3445 inundatione
1394 3367 1583 3453 Schussae,
1628 3392 1709 3467 qua
1736 3386 1820 3441 anuo

201 3508 303 3587 1573.
334 3510 387 3561 re.
405 3487 517 3582 may,
550 3485 588 3559 in
615 3507 725 3584 quam
754 3484 897 3565 Festum
924 3486 1156 3567 pentecostes
1179 3488 1383 3572 inciderat,
1430 3484 1565 3563 essusus
1593 3486 1702 3585 super
1731 3485 1822 3582 ripae

197 3605 315 3683 amnis
333 3626 407 3678 non
424 3624 576 3699 campos
601 3613 746 3679 tantum
769 3607 926 3702 operuit,
953 3607 1011 3682 sed
1039 3607 1151 3683 etiam
1173 3608 1292 3682 secum
1315 3606 1457 3695 auexit,
1474 3606 1637 3704 plurium
1654 3622 1828 3681 annorum

197 3730 293 3823 spem
312 3720 574 3817 depopulatur,
599 3724 709 3810 adeo,
733 3735 774 3799 vt
794 3736 905 3800 notus
926 3724 1210 3823 Epiremeridum
1233 3725 1378 3823 scriptor
1392 3726 1447 3800 ad
1472 3723 1560 3800 anni
1576 3724 1763 3825 sequentis
1783 3718 1829 3798 ti·

195 3840 367 3939 gesimam
388 3840 577 3938 septimam
600 3838 686 3940 Julii
712 3840 810 3918 diem
829 3843 1056 3921 tri-siisfimam
1076 3843 1189 3938 huius
1204 3843 1285 3920 aeui
1300 3843 1499 3940 imaginem
1524 3843 1664 3919 rudiori
1683 3841 1828 3941 quiden

178 3946 391 4059 penicillo,
428 3960 490 4035 sed
519 3958 749 4037 uiuaciflimia
779 3961 957 4038 coloribus
989 3964 1153 4059 depingit
1186 3962 1223 4038 in
1253 3962 1346 4038 haec
1384 3961 1502 4037 ferme
1536 3961 1704 4037 lamenta
1734 3966 1831 4037 oom'·

195 4079 325 4180 paisus.
372 4077 552 4157 Luttuoso
575 4079 689 4154 heooe
703 4092 865 4178 tempore
881 4092 983 4156 tanta
1005 4093 1082 4157 erat
1106 4082 1148 4158 in
1174 4079 1390 4159 Monasterio
1417 4078 1471 4155 rei
1501 4078 1695 4156 familiaria
1720 4100 1828 4175 angu-

197 4200 261 4275 stia
287 4202 323 4277 dr
346 4199 565 4294 Paupertas,
597 4208 638 4274 ut
655 4197 786 4275 uinum
811 4199 885 4275 emi
913 4199 953 4274 in
986 4200 1065 4276 foro
1090 4200 1276 4285 debuerit,
1316 4201 1412 4299 quod
1440 4196 1552 4275 etiam
1575 4208 1658 4277 tam
1687 4200 1831 4276 acidum

196 4330 291 4401 erat.
317 4316 355 4393 δι
372 4314 585 4412 infipidum,
608 4317 737 4394 meix
766 4316 924 4394 bibendo
957 4318 1052 4396 esset
1113 4322 1193 4398 Nee
1213 4318 1341 4396 melior
1366 4316 1479 4394 nostri
1504 4317 1667 4414 munatii
1705 4315 1833 4394 eandi-

197 4436 252 4514 tio
273 4436 360 4521 suit,
407 4434 508 4533 quod
533 4458 579 4513 eo
609 4457 725 4535 voque
747 4434 962 4515 ernanum
988 4450 1088 4527 erat,
1145 4451 1187 4518 vt
1205 4437 1357 4516 colonos
1377 4436 1517 4516 nostros
1545 4438 1596 4514 ad
1631 4437 1829 4515 mandam

1662 4555 1838 4642 messem,

238 4676 278 4759 ο)
304 4674 383 4742 rm.
399 4690 452 4757 27·
471 4670 529 4757 su.
547 4690 622 4765 197·
756 4672 796 4759 o)
816 4674 943 4765 apum.
970 4674 1131 4769 mamm
