3736 5160
53 171 54 180 Ν
322 210 450 291 ιδ’
941 201 1441 330 *ww

398 385 596 502 Descriptio
613 380 751 498 feralis
777 386 948 488 incendii,
967 386 1064 500 stylo
1089 384 1310 497 aliquantum
1335 382 1501 494 turgido,
1527 324 1597 490 sed
1609 398 1680 493 pro
1705 410 1742 469 eo
1757 378 1867 499 saecu

794 554 799 561 ·
806 520 922 636 sopra
950 550 1056 637 quam
1082 521 1300 637 credipoffit
1325 524 1485 630 eleganti.

439 678 586 782 5.'Vita
607 682 801 759 hominum
827 688 913 758 c'um
941 679 984 758 fit
1001 680 1141 766 breuis,
1169 679 1209 756 de
1230 702 1278 753 ex
1295 678 1391 755 tluxa
1416 677 1455 755 de
1476 672 1641 756 mutabili
1664 673 1784 753 camis
1810 699 1865 754 m:

48 798 52 911 J
111 824 118 841 '
184 788 203 803 Ἴ
334 805 549 887 tranfitoriis
572 804 761 887 inherenS,
796 799 1002 878 necesseest
1024 812 1064 877 vt
1087 823 1171 875 cum
1198 799 1253 873 eis
1277 801 1316 879 de
1345 798 1416 896 ipsa
1438 809 1688 895 corrumpatur
1727 796 1765 874 dr
1788 808 1844 872 tra

335 931 490 1026 ideoque
509 926 607 1026 quod
632 922 838 1000 madida&
861 918 978 998 labilis
999 918 1177 995 memoria
1193 918 1257 993 dib
1278 943 1352 994 oon
1375 916 1490 1017 potest
1519 917 1576 994 vel
1598 918 1645 993 ad
1667 916 1826 1015 posteros
1846 930 1864 991 t

334 1050 500 1133 mittere,
538 1043 722 1122 viuacibus
749 1041 881 1116 litteris
913 1038 1163 1115 commendari
1189 1028 1355 1137 oportet,
1402 1050 1443 1116 vt
1467 1046 1641 1134 perpetuo
1666 1040 1857 1112 duratura

335 1194 401 1247 eas
428 1165 587 1265 suscipiat
615 1163 834 1247 firmitatem.
916 1160 1072 1262 Quonam
1104 1167 1203 1256 igitar
1224 1162 1261 1233 de
1287 1161 1466 1256 quibardam
1493 1152 1585 1254 trojus
1607 1160 1777 1259 monasterii
1803 1171 1854 1228 ‚r

75 1251 76 1344 ι
181 1374 184 1383 Ι
335 1297 480 1389 quiante
504 1284 726 1379 norsueruat,
767 1285 839 1378 qaid
867 1286 984 1374 egerint
1016 1285 1069 1355 vel
1092 1288 1125 1353 ιἰι
1145 1283 1254 1374 priua
1275 1277 1420 1372 sortem)r
1455 1276 1581 1372 fuerint
1621 1283 1765 1352 arnardo
1799 1291 1856 1370 per

329 1409 454 1505 fignota
477 1413 662 1501 reperimus,
687 1402 799 1478 visum
823 1402 928 1476 nobis
953 1395 1004 1474 est
1025 1399 1183 1496 quedam
1206 1422 1260 1497 que
1281 1401 1384 1473 datas
1408 1402 1516 1500 nostor
1534 1409 1697 1495 tempore
1719 1394 1868 1473 videlic

336 1525 484 1627 giminis
514 1521 654 1598 domini
693 1508 910 1595 nenrrron'or
945 1517 1162 1593 venerabilis
1195 1516 1349 1594 Abbatis
1390 1521 1468 1596 aaa
1492 1517 1732 1615 cognouimue
1760 1527 1800 1590 vt
1830 1538 1867 1590 a·

306 1647 464 1749 „ticiam
494 1640 710 1741 perueniant
738 1640 956 1738 posterorum
983 1637 1142 1714 breuiter
1172 1637 1233 1712 his
1268 1640 1441 1715 denotare
1468 1640 1641 1737 apicibus.
1709 1637 1857 1730 [aergo

224 1814 227 1825 =
287 1774 290 1779 '
337 1763 517 1866 gradatim
545 1764 590 1838 ab
617 1758 855 1836 adolescentia
881 1781 945 1857 per
971 1756 1106 1855 fingub
1128 1758 1335 1834 monasterii
1359 1758 1476 1834 officia
1495 1757 1729 1836 laudabiliter
1751 1778 1819 1830 cuc

338 1886 445 1965 bonis
467 1881 630 1961 moribus
660 1874 698 1958 de
725 1864 883 1953 honestis
915 1876 1106 1975 spiritalem
1129 1876 1280 1973 sedatus
1317 1878 1561 1978 disciplinam,
1592 1879 1868 1981 quibuscumqu

340 2016 442 2084 terat.
460 2000 581 2081 modis
610 2022 682 2099 que
706 1998 918 2093 corrigenda
953 1995 1142 2093 judicabat
1172 2000 1219 2074 ad
1250 1999 1438 2079 meliorem
1469 1998 1600 2077 statum
1629 2000 1822 2079 reducere.

340 2124 456 2227 ipsum
482 2125 530 2201 ad
555 2122 707 2201 virtutes
737 2143 809 2218 que
830 2117 917 2195 huic
946 2130 1159 2216 competunt
1186 2120 1328 2195 nomini
1349 2142 1567 2219 componere
1598 2118 1788 2215 satagebat

440 2310 549 2423 Hanc
573 2320 695 2385 autem
721 2304 836 2380 aDeo
857 2303 1010 2400 gratiam
1030 2303 1245 2403 posidebat,
1270 2318 1312 2383 vt
1327 2308 1486 2407 quadam
1508 2305 1683 2383 suauitate
1705 2302 1842 2383 &beni
1867 2335 1868 2363 ³

342 2433 396 2512 tia
420 2455 491 2531 que
514 2429 643 2506 nitidis
669 2425 854 2504 mentibus
882 2425 1095 2502 naturaliter
1122 2423 1232 2500 inesse
1266 2427 1371 2512 solet,
1412 2452 1485 2503 non
1516 2427 1627 2503 solum
1654 2450 1737 2523 erga
1766 2424 1866 2501 med'

342 2566 486 2653 gratum
506 2548 566 2626 fibi
591 2546 799 2623 conciliaret
830 2545 1010 2634 sanorem,
1042 2568 1170 2623 verum
1205 2544 1317 2625 etiam
1341 2546 1423 2645 ipsrs
1449 2551 1638 2648 principibus
1670 2571 1859 2626 commen

298 2678 301 2683 ’
324 2683 540 2773 appareret.
589 2667 753 2763 Contigit
777 2668 933 2756 interea,
963 2679 1013 2744 'vt
1035 2690 1082 2743 ex
1112 2665 1229 2781 gratia
1266 2667 1505 2746 &beneficio
1538 2667 1722 2742 saluatoris
1755 2668 1834 2743 nost
1858 2667 1866 2684 '

343 2817 416 2895 que
448 2793 604 2867 emerendi
614 2791 782 2887 straguints
820 2812 905 2885 quem
928 2790 1008 2883 apud
1036 2811 1091 2861 nos
1122 2794 1287 2861 retineretur
1321 2792 1444 2882 quedem
1465 2796 1613 2863 miraculo
1634 2787 1767 2881 fierent,
1816 2789 1868 2864 id

344 2927 422 2992 tam
447 2909 760 2987 innummerabilis
782 2910 827 2983 ad
853 2907 991 2983 sacrum
1016 2906 1136 2984 locum
1162 2907 1298 3004 ceperit
1318 2905 1509 2982 hominum
1522 2908 1725 2985 multitudo
1748 2930 1843 2984 conc

345 3046 388 3114 vt
409 3056 483 3108 non
508 3028 620 3106 solum
659 3051 706 3102 ex
732 3026 867 3103 'vicinis
897 3028 955 3102 sed
984 3028 1095 3103 etiam
1123 3052 1171 3104 ex
1200 3020 1351 3104 remotis
1386 3027 1666 3125 circumquaque
1689 3028 1856 3124 partibus

346 3152 461 3239 surdi,·
485 3148 598 3231 muti,
626 3146 763 3235 claudi,
796 3147 1133 3246 &quibuscunque
1163 3146 1300 3223 morbis
1328 3146 1472 3245 oppressi
1507 3150 1718 3223 cateruatim
1749 3151 1868 3225 addu·

345 3286 424 3357 tur,
450 3270 624 3366 fieretque
646 3290 719 3340 non
750 3267 895 3343 modica
918 3267 1096 3343 exultatio
1116 3266 1337 3342 intuentium
1376 3291 1457 3343 cum
1490 3269 1545 3341 eis
1580 3267 1712 3364 pariter
1744 3272 1807 3367 qui
1863 3309 1868 3341 t

347 3388 524 3492 sospitatis
555 3410 618 3484 per
638 3384 709 3471 Dei
732 3386 1011 3465 misericordiam
1045 3387 1213 3484 suscipere
1237 3399 1457 3463 meruerunt.
1532 3388 1627 3462 Cum
1664 3387 1733 3462 bec
1761 3412 1862 3484 ager

349 3516 389 3594 de
416 3513 514 3589 fama
541 3505 656 3582 diuini
689 3508 849 3584 muneris
881 3508 988 3603 longe
1020 3509 1164 3605 lateque
1191 3506 1417 3594 claresceret,
1440 3531 1512 3582 non
1538 3508 1638 3585 enim
1663 3509 1777 3604 potest
1804 3513 1849 3586 ab

349 3630 493 3709 Ciuitas
522 3628 623 3726 super
653 3638 817 3704 montem
845 3624 974 3725 posita,
1018 3641 1241 3705 memoratus
1278 3639 1381 3725 pater
1406 3627 1584 3707 honorem
1612 3628 1682 3703 Dei
1710 3643 1846 3728 tanqua

348 3748 436 3827 fidei
464 3745 604 3844 speciali
634 3748 792 3845 quodam
819 3744 946 3824 alsetlu
974 3747 1199 3824 commillbm
1224 3749 1416 3845 ampliare,
1449 3751 1487 3827 dr
1513 3772 1560 3823 ex
1585 3748 1715 3825 celebri
1737 3750 1859 3829 celebr

348 3871 501 3948 reddere
529 3865 718 3962 gestiebat,
765 3870 803 3948 dt
833 3867 1121 3966 primoquidem
1151 3870 1331 3947 damiatam
1356 3871 1539 3964 sanguinem
1565 3894 1640 3945 aare
1670 3874 1713 3956 i?
1741 3883 1857 3967 gernm'

351 3990 436 4066 hodie
457 3995 593 4065 cerodae
620 3992 734 4062 lactati
747 3987 845 4082 serit,
879 4002 980 4065 ratus
1005 3991 1049 4065 ab
1078 4014 1123 4062 eo
1152 3987 1261 4081 digne
1284 3988 1552 4074 inchoandum,
1589 4013 1635 4063 ex
1661 4015 1732 4087 quo
1755 3993 1861 4072 intim

352 4112 410 4190 bis
436 4114 473 4188 dr
509 4104 722 4182 inuiscerata
753 4105 900 4205 superne
929 4106 1190 4185 benedittionis
1223 4108 1377 4184 dulcedo
1406 4108 1537 4204 jugiter
1563 4124 1720 4186 emanat.
1781 4116 1862 4200 Qua

350 4252 438 4311 vero
466 4241 606 4327 partem
640 4232 675 4303 de
711 4235 796 4324 tigno
826 4233 939 4304 domari
966 4228 1055 4305 olim
1087 4228 1285 4323 negletlam
1316 4228 1413 4303 inter
1445 4230 1533 4303 aliar
1555 4228 1868 4334 reliquias-reppe

350 4374 470 4428 crucem
490 4356 658 4423 manualem
687 4371 724 4422 ex
747 4354 822 4423 duro
843 4366 924 4447 paro
947 4347 1022 4443 fieri
1040 4346 1143 4446 jaffe,
1175 4346 1214 4422 in
1237 4370 1308 4447 qua
1330 4348 1590 4443 sacrqtillimam
1618 4350 1794 4431 dominici
1826 4382 1863 4456 p,

353 4470 499 4550 assulam
525 4468 691 4564 reposuit.
741 4466 865 4545 Aliam
887 4480 1051 4566 preterea
1073 4468 1404 4564 enicem-gallatortorn
1427 4470 1464 4546 dr
1490 4472 1601 4541 urum
1624 4471 1784 4569 missalem,
1810 4475 1864 4553 ite

351 4590 507 4671 bouum
535 4592 571 4666 S.
599 4588 748 4687 Georgii,
773 4613 848 4663 auro
867 4590 910 4677 θ
930 4578 1253 4688 argentogemmtrqroe
1275 4588 1406 4690 aestua.
1453 4586 1615 4668 Calicem
1638 4608 1852 4691 argenteum
