3736 5160
556 68 566 101 0

113 212 187 302 482
445 294 452 305 ἱ
719 187 1141 280 *mm*
1193 234 1196 239 ¹

113 381 176 461 eu.
226 374 431 460 monasterii
460 372 567 451 nostri
597 366 879 465 weingartensis
902 370 1012 441 carine
1027 364 1088 469 sea
1112 365 1212 439 villae
1234 364 1292 459 ⁶3.
1321 333 1500 444 incensae.
1554 364 1635 445 Arx
1658 366 1726 442 lir-

115 500 329 601 risbnrgmfir
357 493 518 593 Episcopi
539 485 821 568 Constantienfia
841 485 1048 561 Refidentia
1070 506 1094 558 a
1114 484 1270 559 Suecico
1298 486 1469 582 praesulio
1501 486 1727 584 Veberlingrno

116 622 155 699 in
182 621 323 696 cinerea
350 616 502 695 redat'lu
573 611 658 688 Arx
685 610 846 686 Comitum
873 606 1151 703 Montscrtiorum
1176 603 1422 709 langeporgen
1449 606 1488 683 in
1523 604 1606 683 lacu
1630 604 1729 681 Bolia·

117 746 200 821 mico
223 739 306 825 lita,
342 744 551 832 expugnata
581 730 772 816 facillime,
812 724 997 802 deserente
1019 747 1102 800 earn
1128 724 1167 802 δι
1198 723 1351 821 turpiter
1385 725 1609 822 auffugiente
1636 725 1732 801 Deru·

117 865 210 941 rione
233 857 464 955 Lindouienfi3
501 852 600 948 quod
623 863 746 924 tamen
775 845 895 943 capite
923 844 1022 920 luere
1045 844 1181 922 debuit.
1252 844 1362 921 Solus
1388 845 1427 921 in
1452 868 1498 920 ea
1523 868 1607 923 arce
1629 845 1731 921 Morio

120 979 159 1056 iu
184 976 374 1054 maenibus
396 971 484 1047 hinc
511 970 598 1046 inde
621 969 814 1045 discurrere
842 966 936 1041 visus
962 963 1083 1042 hostes
1107 964 1331 1062 aliquamdiu
1354 966 1606 1057 retinuit‚,vt
1632 965 1734 1059 ingre·

121 1098 160 1176 di
190 1095 261 1171 ausi
288 1118 363 1170 non
387 1092 539 1174 suerint.
579 1110 769 1186 quousque
799 1086 951 1162 tandem
976 1083 1105 1182 ipsese
1134 1084 1245 1162 solum
1269 1087 1308 1164 dr
1335 1086 1485 1163 unicum
1510 1085 1550 1161 in
1574 1108 1658 1161 arce
1680 1085 1732 1159 ede

121 1216 298 1294 conselsna
319 1212 381 1288 est.
442 1212 581 1287 Eadem
605 1207 779 1285 facilitate
802 1207 944 1282 Domua
965 1203 1165 1281 Teutonico
1190 1205 1358 1303 Moynow
1381 1206 1427 1282 ab
1458 1205 1535 1302 ipso
1563 1225 1735 1281 commen·

122 1338 249 1413 datore
268 1331 346 1407 'loci
374 1330 447 1406 line
470 1327 571 1405 omni
598 1327 793 1403 resistentia
817 1326 856 1400 in
887 1348 1018 1402 manua
1042 1323 1198 1401 hostium
1226 1325 1361 1402 tradita
1384 1323 1446 1403 est.
1512 1323 1654 1401 unum
1679 1323 1736 1405 Br-

16 1474 21 1479 ·
89 1461 224 1533 ‘auras
245 1450 526 1536 Maximilr'ooas,
571 1459 612 1524 vt
638 1447 824 1522 Ducatum
856 1443 958 1521 sunm
993 1467 1015 1521 a
1050 1443 1187 1523 &cicc
1218 1445 1387 1523 liberaret
1423 1441 1620 1533 seruitute,
1667 1465 1738 1519 cun

124 1546 257 1654 iiidem
287 1575 326 1649 dr
358 1568 472 1646 Gallis
500 1590 628 1665 pacem
657 1566 767 1644 certis
801 1565 1072 1643 conditionibus
1096 1565 1191 1642 iniit.
1265 1567 1363 1646 luter
1391 1586 1483 1663 quaa
1509 1570 1661 1643 menites
1690 1562 1740 1639 ali·

124 1706 215 1797 quot
248 1692 286 1766 in
321 1686 443 1767 Surur'a
469 1686 630 1764 Ciuitates
657 1686 850 1787 imperiales
879 1685 927 1761 iis
951 1685 1070 1770 oeffit,
1116 1710 1140 1761 e
1170 1686 1303 1785 quibus
1329 1685 1520 1784 praecipue
1542 1688 1741 1783 Memmiaga

123 1818 163 1895 δι
180 1811 391 1908 ffberlinga.
452 1804 760 1907 Memmingenfibus
786 1806 886 1882 haud
915 1806 1025 1882 dubie
1054 1820 1179 1902 gratita
1209 1806 1282 1899 fuit
1317 1806 1518 1883 Succorum
1549 1809 1740 1887 aduentus.

125 1958 209 2013 cum
234 1931 400 2026 ejusdem
429 1929 541 2004 elleut
555 1926 767 2024 Religionis
793 1929 832 2006 dr
854 1924 950 2002 fidei.
1001 1926 1271 2027 Vberlingonor,
1298 1926 1384 2002 licet
1404 1950 1479 2002 non
1504 1929 1605 2004 adeo
1629 1914 1766 2023 gratu'

126 2050 345 2155 apparuerit,
380 2048 586 2125 maluerunt
618 2060 741 2123 tamen
776 2048 865 2123 mille
893 2050 1085 2147 qoingrntos
1117 2045 1236 2125 Succos
1278 2047 1471 2123 admittere
1502 2070 1620 2144 qnam
1655 2046 1740 2122 alica

124 2173 304 2251 Dubitant
329 2168 501 2267 quidam.
540 2189 587 2242 an
615 2167 654 2244 id
681 2167 818 2244 Elrlior
844 2166 905 2243 sua
939 2167 1063 2264 sponte
1097 2166 1242 2253 iecerit,
1285 2190 1333 2244 an
1367 2165 1489 2266 potina
1519 2166 1741 2243 consiliario

124 2315 207 2372 rum
234 2291 378 2365 suorum
413 2286 512 2364 suasu
542 2290 581 2367 dr
615 2287 787 2385 impulsor
824 2287 1009 2386 cumipse
1039 2301 1128 2363 tunc
1158 2290 1196 2367 dr
1224 2287 1404 2367 senectute
1423 2285 1552 2372 fellus.
1597 2288 1638 2366 dr
1660 2310 1740 2365 mor·

126 2411 185 2492 bia
216 2419 407 2507 grauatus.
453 2405 620 2504 quafique
654 2406 693 2483 in
729 2407 905 2485 extremis
940 2430 1054 2505 agens
1090 2407 1319 2494 decubuerit,
1373 2419 1415 2485 vt
1447 2408 1513 2484 vix
1550 2408 1740 2493 calamum.

128 2555 200 2633 qno
219 2526 400 2625 .Diplcma
427 2523 575 2629 scripsit,
622 2540 746 2622 regere
783 2526 953 2624 potuerit.
1024 2527 1195 2603 'Fuerunt
1228 2539 1369 2627 praeter
1403 2522 1612 2626 praeditas
1646 2528 1741 2604 etim

123 2634 219 2728 ⁴uliae
243 2646 443 2730 ciuitates,
480 2641 654 2720 nimirum
685 2642 860 2751 Rotwitq„
892 2646 1067 2747 Villingo,
1108 2640 1308 2747 Friburgum
1333 2661 1392 2724 etc.
1427 2670 1520 2744 quaa
1546 2646 1667 2725 Suecis
1684 2659 1742 2724 lra-

127 2770 213 2847 dere
232 2764 465 2843 constituerat
477 2788 508 2879 εἰ
530 2760 654 2840 Ciues·¹
667 2774 791 2841 autem
815 2767 1013 2842 earundem
1035 2786 1159 2863 parere
1178 2765 1383 2844 noluerunt.
1432 2764 1538 2842 Haec
1566 2780 1654 2845 vtut
1669 2766 1741 2852 int.

127 2898 226 2967 certe
250 2882 322 2962 hoc
347 2886 441 2965 fatto
468 2882 634 2960 omniurn
663 2884 890 2961 heroicorum
922 2886 1065 2962 eduum
1096 2885 1237 2961 suorum
1261 2896 1347 2963 ante
1371 2885 1440 2961 hac
1466 2900 1740 2987 pemetratornn

128 3006 352 3109 splendorem
379 3004 479 3079 haud
502 3026 628 3116 parum
656 3003 859 3081 obscurauit
883 3015 951 3079 etc.
1003 3003 1236 3101 Posteaquam
1263 3005 1371 3101 igitur
1397 3006 1507 3081 Sueci
1534 3006 1739 3109 Vberlingra

128 3131 371 3222 occuparunt,
421 3125 484 3199 toli
516 3122 665 3202 Acronio
699 3120 807 3198 Locri
843 3124 895 3198 ita
928 3123 1106 3200 dominati
1141 3120 1244 3210 sunt,
1290 3125 1455 3225 adeoque
1478 3148 1571 3205 eum
1596 3128 1739 3205 intutum

126 3245 380 3328 reddiderunt,
418 3254 458 3320 vt
477 3240 600 3318 nullm
627 3264 760 3330 naues,
799 3264 1054 3344 quemcunque
1080 3244 1267 3323 inlocum
1293 3257 1546 3333 excurrerent.
1583 3250 1738 3345 deinoepa

128 3364 270 3443 securae
285 3360 363 3441 ,elie
387 3360 582 3460 potuerint.
672 3404 689 3435 .

226 3626 283 3699 13.
310 3598 434 3677 Martii
459 3598 696 3700 Rouenspargo
722 3601 866 3678 excellit
894 3602 1098 3703 Vrongelr'ns
1122 3602 1258 3687 Sueciae
1290 3600 1536 3702 Morscliollus‚
1581 3626 1663 3683 cum
1683 3627 1734 3682 m·

126 3721 247 3801 decim
273 3719 514 3799 hebdomadis
542 3719 603 3795 hio
631 3718 794 3798 locorum
824 3720 933 3819 spolia
963 3722 1095 3820 egiliet.

125 3920 129 3925 ’
222 3984 279 4038 20·
313 3958 410 4057 ang.
436 3958 521 4038 Arx
541 3900 842 4063 ranersnrgmfis
870 3959 1095 4043 innan-o
1124 3960 1248 4038 exona
1275 3958 1337 4038 en.
1385 3960 1546 4046 oudam
1575 3962 1645 4039 noc
1666 3960 1731 4040 m-

124 4080 174 4157 eis
200 4078 401 4182 Imputant:
447 4079 507 4157 sed
529 4080 688 4157 virorum
711 4078 781 4154 fide
811 4078 1005 4178 dignorum
1034 4080 1208 4159 relatione
1240 4078 1396 4166 constat,
1433 4079 1471 4159 id
1502 4082 1631 4161 aciue
1653 4083 1731 4160 Aca·

123 4188 260 4321 tholico
283 4200 364 4299 ejur
389 4198 459 4275 loci
487 4198 619 4278 latium
647 4197 761 4276 inille.

125 4442 131 4461 ²
219 4428 332 4513 Anno
362 4446 465 4537 roqu.
492 4452 525 4528 o.
550 4398 684 4536 'Aptius
712 4437 872 4539 quinque
896 4434 1005 4516 Sueci
1026 4436 1162 4515 milltes
1188 4436 1227 4514 in
1257 4434 1494 4515 conuentum
1527 4436 1728 4518 nostrumir·

123 4558 274 4637 ruentes
302 4557 422 4638 variar
443 4579 638 4638 exercuere
665 4557 885 4636 insolentias.
936 4561 1039 4644 Quos
1069 4584 1124 4639 rr.
1149 4557 1239 4656 May
1266 4555 1438 4635 subsecuti
1463 4562 1623 4639 trecenti
1640 4554 1727 4657 Equi

1683 4690 1725 4752 β
