3736 5160
237 318 240 323 .
649 276 651 281 ·
739 244 1162 342 *ambos
1279 275 1289 335 ·.
1402 232 1451 309 A
1688 261 1760 341 ‚¹23

115 424 204 524 fem
219 425 404 527 uestimento
424 445 509 510 mro,
554 444 576 496 a
601 425 749 520 prefatis
771 425 1042 504 subdiaconibus
1073 424 1161 500 hinc
1191 423 1230 501 dc
1252 421 1342 498 inde
1362 414 1593 525 obstruuntur,
1634 421 1679 510 &⁹
1699 421 1761 518 sal

124 538 251 641 efflas
267 553 302 619 r'n
324 549 445 618 modun
459 542 606 636 furans
636 555 723 642 repre
739 546 945 642 sumetur,
980 545 1084 621 linita
1108 544 1263 641 passione
1287 544 1386 659 suber
1408 542 1519 619 altare
1549 540 1679 617 recitat
1708 540 1761 617 sa·

128 667 262 741 cerdos
283 663 481 738 oraciones
540 665 672 738 &rmus
697 666 794 741 dilabi
814 672 885 752 nni,
904 668 959 743 dr
983 675 1135 741 ceteras,
1184 705 1234 719 -
1284 705 1332 720 --
1382 702 1432 721 -
1480 660 1650 739 Collesiis
1674 683 1763 736 con·

130 782 322 861 summatis
347 784 513 859 sacerdos
544 783 581 859 de
608 784 718 859 ceteri
749 783 872 858 altaris
903 783 1052 859 ministri
1080 786 1127 860 ad
1156 785 1333 876 orlllmlnrn
1357 784 1535 871 redeunt,
1570 785 1608 863 dr
1632 784 1760 877 rosdon

121 904 243 998 fidos,
267 903 420 995 sorenes,
452 909 616 998 roburque
637 904 846 1000 deponunt,
877 903 915 980 dr
935 906 974 978 in
1002 903 1154 980 chorum
1193 905 1240 978 ad
1260 904 1459 1003 solutmdom
1487 926 1604 980 nucem
1628 924 1763 980 conue-

107 1022 252 1123 uniunt
301 1061 351 1126 -7-
393 1053 452 1079 ·-
500 1062 550 1078 -
606 1023 645 1098 ln
678 1025 809 1099 eodem
837 1016 960 1100 autem
995 1034 1202 1110 momento,
1247 1047 1319 1121 quo
1342 1023 1401 1118 islo
1424 1045 1502 1098 aar
1523 1018 1694 1098 mudum
1729 1030 1763 1099 ln

131 1139 240 1227 cdere,
263 1140 385 1218 eciam
409 1146 446 1216 dc
473 1148 527 1217 lllo
557 1165 670 1238 magno
690 1150 826 1219 odmen
852 1144 1062 1239 deponitur,
1100 1166 1172 1240 que
1202 1144 1253 1219 est
1275 1144 1371 1241 snpra
1398 1138 1522 1218 cunm
1547 1150 1581 1218 ln
1607 1144 1763 1239 masculo
1822 1148 1825 1153 ’

126 1270 241 1361 emeli.
291 1303 338 1319 -
391 1304 441 1319 -
489 1303 539 1319 -
587 1263 736 1341 Interim
759 1265 848 1341 dum
874 1264 1015 1341 versus:
1063 1264 1179 1362 Popula
1203 1287 1286 1339 murs
1315 1264 1570 1346 cantabantur,
1600 1269 1762 1359 padum·

131 1394 199 1456 tren
225 1382 264 1456 in
297 1380 408 1461 choro
440 1386 591 1480 tapetibus
626 1384 937 1471 consternabatur,
975 1384 1078 1483 super
1104 1407 1196 1484 quas
1228 1406 1315 1460 mox
1345 1392 1386 1459 vt
1412 1405 1503 1459 crux
1537 1381 1762 1469 denudatur,

131 1504 291 1600 pr'unum
319 1503 476 1578 domnus
498 1505 627 1589 abbas,
655 1505 787 1579 deinde
815 1503 996 1590 sacerdos,
1039 1506 1222 1603 ceterique
1241 1507 1392 1587 dulsos,
1436 1501 1496 1578 sed
1515 1502 1764 1602 uuusquisque

132 1636 170 1698 rt
197 1621 284 1698 sunt
306 1630 341 1697 ln
352 1625 443 1717 sucro
466 1612 570 1699 ordine
592 1629 744 1710 aalma,
766 1622 840 1722 poll
860 1623 930 1698 hos
955 1625 1076 1699 omnis
1107 1636 1328 1708 conuentus,
1353 1623 1400 1697 ad
1425 1621 1593 1699 vltimum
1618 1644 1762 1720 quoque

134 1741 293 1831 inlinni,
331 1740 483 1837 quilibet
511 1746 614 1817 nilus
642 1747 760 1819 oniba
783 1744 1063 1842 studiosarum
1087 1746 1272 1841 duranda
1284 1745 1410 1838 jacent,
1452 1720 1501 1820 &¹
1516 1739 1592 1836 post
1617 1740 1688 1817 hec
1714 1741 1763 1817 ad

134 1862 241 1961 usam
263 1883 416 1937 crucem
438 1862 693 1958 peruenieutes
725 1863 773 1937 de
802 1870 936 1958 imagine
966 1861 1106 1957 anijin
1129 1883 1241 1936 renes
1264 1882 1429 1937 raucum
1452 1862 1669 1956 deosculantur.
1719 1861 1762 1939 In

135 1983 203 2082 ipsa
226 1995 358 2059 nutem
379 1981 565 2078 faunum
580 1981 834 2082 'uuusquisque
853 1983 943 2067 hac,
991 2006 1083 2078 qnam
1104 1981 1267 2076 sdladnrs
1302 1983 1460 2057 lenam
1487 1987 1592 2055 older
1616 1990 1762 2061 madon.

138 2101 191 2179 sle
213 2116 289 2200 qua
312 2102 376 2201 qni
405 2103 478 2177 duo
512 2102 670 2200 primum
697 2102 774 2198 post
810 2101 1032 2179 sacerdotem
1063 2100 1267 2179 recesserint
1287 2122 1371 2184 eos,
1412 2109 1464 2197 qni
1498 2126 1615 2175 crucem
1641 2114 1761 2187 emec,

144 2220 358 2320 expediunb
379 2223 498 2297 donec
524 2224 562 2299 dr
592 2221 654 2318 ipsi
678 2244 745 2296 cern
770 2223 930 2304 wudu
952 2221 1141 2322 recipiunt.
1191 2222 1370 2299 Sacerdos
1399 2221 1586 2317 postquam
1616 2244 1762 2303 crucem

147 2338 358 2429 eludunt,
403 2341 442 2416 in
469 2340 673 2418 vestiarium
705 2342 818 2427 redit,
862 2341 1032 2421 ministris
1059 2343 1097 2419 in
1125 2342 1237 2416 choro
1268 2340 1553 2417 remanentibus.
1615 2344 1763 2422 Perusia

142 2460 352 2538 slutacioue
376 2462 523 2560 quando
546 2486 624 2537 cuca
648 2473 737 2537 rnna
765 2457 889 2539 cborron
904 2465 1058 2561 munla
1069 2463 1264 2559 sustollitur,
1291 2477 1553 2561 aprecentore:
1599 2504 1650 2520 -·-
1700 2463 1762 2563 Su·

90 2600 104 2617 '
139 2598 183 2681 prr
216 2588 325 2659 modu
348 2580 566 2679 imponitur,
605 2583 643 2658 dr
674 2581 808 2658 iterum
839 2590 929 2657 ormo
956 2584 994 2655 ab
1023 2585 1165 2657 erunibus
1195 2586 1323 2679 partirer.
1389 2580 1607 2657 Sacerdotes
1636 2593 1762 2662 autem
1798 2617 1800 2621 ·

144 2708 298 2778 rleltm
318 2711 421 2777 cruris
446 2725 530 2778 eam
550 2711 729 2796 ponentes
756 2701 794 2776 in
824 2699 1030 2780 vestiarium
1053 2702 1224 2786 veniunt,
1259 2700 1464 2797 casulasque
1494 2700 1689 2777 induentes
1701 2704 1762 2799 su·

97 2812 99 2817 ’
145 2840 184 2921 pr
209 2816 340 2896 bruodra
366 2832 404 2893 ot
428 2823 589 2921 morbefl
620 2821 661 2894 od
694 2828 792 2897 olrorc
829 2822 964 2895 merdae
994 2843 1048 2895 car
1079 2828 1271 2918 compmod,
1311 2823 1350 2900 dr
1377 2819 1468 2899 alter
1491 2842 1619 2898 eorum
1642 2827 1761 2898 cauno

148 2964 202 3019 un
222 2958 306 3038 aquo
326 2940 366 3019 dc
392 2939 478 3017 vino
500 2964 560 3013 non
581 2941 748 3037 ecdurum
771 2963 792 3013 a
814 2938 951 3035 sacrista
978 2937 1120 3059 accinit.

230 3134 372 3224 Quibus
399 3136 436 3212 dr
469 3132 530 3209 alii
563 3143 638 3209 tres
672 3130 840 3228 ejusdem
867 3130 1005 3209 ordinis
1035 3134 1080 3208 ab
1104 3138 1239 3223 morlo
1262 3128 1420 3219 accersiti
1442 3135 1520 3210 alib
1552 3142 1696 3213 tannim
1723 3138 1762 3217 dc

148 3252 566 3349 transveriscam
594 3250 818 3327 candelabris
844 3252 882 3329 dr
914 3253 1104 3353 thuribulis
1127 3250 1258 3337 assunt,
1294 3254 1333 3329 dr
1357 3247 1391 3327 lu·
1411 3238 1623 3352 septunho'c
1647 3262 1758 3338 modo
1796 3289 1799 3299 ·

155 3378 188 3449 al
210 3376 323 3452 altare
349 3372 407 3449 vbi
437 3390 544 3470 coptu
571 3375 685 3446 domins
708 3372 934 3448 reconditum
965 3372 1016 3449 est
1045 3372 1254 3470 procedunt
1319 3370 1463 3449 Primus
1493 3373 1556 3471 qui
1578 3374 1648 3453 sert
1665 3381 1760 3454 'thu-

154 3496 315 3582 ribulum,
349 3491 481 3568 deinde
508 3493 706 3569 combinati
731 3490 793 3590 qui
820 3491 1054 3566 candelabra:
1095 3485 1216 3589 pollen
1237 3488 1290 3565 illi
1315 3491 1387 3567 duo
1412 3491 1635 3587 sacerdotes,
1676 3498 1758 3577 vlti-
1828 3504 1841 3515 '

155 3636 225 3693 rous
247 3614 410 3691 sacerdos
434 3611 730 3698 ebdomadarius,
757 3634 868 3709 quem
893 3610 1049 3708 sequitur
1071 3620 1240 3687 annariae

222 3807 382 3885 ,Interim
408 3804 544 3881 suenda
572 3804 850 3881 ebdomadarius
873 3801 1055 3879 lintheum
1087 3825 1240 3900 paruum
1275 3803 1378 3902 super
1410 3806 1520 3884 altare
1547 3808 1760 3905 explicando

159 3925 337 4015 lullecerit,
356 3926 467 4021 .quod
496 3927 531 4000 dr
558 3924 603 3997 ad
633 3924 774 4019 presens
802 3923 855 3998 ita
879 3922 930 3997 est
952 3923 1140 4020 plicatum,
1167 3926 1267 4018 super
1293 3926 1382 4000 illud
1407 3930 1519 4023 pouit.
1570 3929 1761 4025 Postquam

160 4043 305 4123 sacerdos
329 4044 606 4121 ebdomadarius
641 4064 771 4137 corpus
796 4043 1021 4118 dominicum
1043 4044 1257 4140 summumst,
1297 4044 1335 4119 su
1363 4043 1396 4118 is
1421 4050 1482 4143 qui
1507 4048 1558 4125 est
1579 4049 1759 4146 expeditis

161 4167 312 4242 muribus
344 4165 430 4238 illud
468 4176 506 4237 vt
527 4162 577 4237 est
600 4171 632 4235 in
649 4163 777 4258 scutelle
808 4163 963 4260 accepit,
1009 4161 1140 4237 eodem
1176 4160 1302 4237 ordine
1338 4187 1411 4260 quo
1448 4164 1534 4240 illuc
1564 4182 1761 4255 venerunt,

162 4284 197 4357 ad
217 4288 312 4381 noim
337 4293 434 4358 ultore
454 4283 670 4378 procedunt,
696 4295 882 4363 conuentu
908 4293 1034 4359 contra
1061 4305 1126 4356 eos
1151 4291 1273 4356 nemum
1296 4295 1422 4380 pdcmn
1472 4286 1575 4362 Tunc
1598 4290 1760 4365 sacerdos

163 4404 375 4500 progrediens
394 4407 541 4499 roarolo
567 4399 740 4498 explicat,
778 4404 815 4480 dr
841 4413 960 4501 urcem
982 4426 1052 4477 orm
1080 4419 1199 4499 corpore
1225 4404 1337 4478 domni
1357 4404 1488 4502 pdnlb,
1530 4407 1691 4483 similiter
1723 4412 1762 4488 dt

162 4530 235 4623 ψει
257 4526 357 4622 super
386 4522 471 4596 illud
503 4521 613 4600 locat,
655 4531 780 4614 ulroqnc
813 4520 958 4619 offerente
983 4546 1107 4601 manua
1138 4529 1311 4614 mrlplmlr'c
1337 4526 1505 4620 ascedente,
1550 4528 1614 4627 qui
1644 4528 1762 4606 eciam

167 4636 317 4755 &bueus
344 4666 406 4742 per
430 4641 553 4717 omnia
582 4648 679 4717 neem
704 4645 820 4719 diaron
836 4647 888 4734 a?
912 4645 1046 4737 orinistn'
1068 4642 1238 4741 srrppleut,
1696 4692 1698 4696 -

123 4778 126 4787 '
817 4761 823 4771 ’
976 4765 1057 4848 Qa
1712 4766 1765 4843 llli
