3736 5160
176 150 270 276 aa
781 190 1174 295 “aomos
1176 202 1206 277 s·

177 376 251 457 mn
268 366 335 457 m
356 363 471 459 mun
489 377 667 463 exorna.
690 376 732 459 u
753 376 918 465 emm,
959 325 1053 479 que
1073 346 1330 457 nonensem
1359 377 1518 465 nocam
1540 380 1714 483 impert,
1746 382 1819 462 se

102 583 104 587 ,
174 498 406 579 scenderunt
478 501 602 586 Quum
632 498 757 597 itaque
781 497 995 576 Ludonieus
1018 497 1186 575 Bauarus
1207 501 1304 596 apud
1331 501 1440 578 italos
1471 504 1613 581 Romae
1643 504 1818 602 inprimis

110 658 113 663 ·
177 640 276 697 anno
302 641 406 713 1329.
445 618 485 697 in
504 616 692 717 Angusiiis
713 617 887 697 maximis
905 616 1041 719 politus
1061 617 1166 704 esset,
1202 618 1286 698 Voti
1313 619 1503 718 Religione
1524 624 1593 702 sese
1622 622 1819 702 obstrinxit

178 739 363 816 tondendi
401 739 661 839 Monasterium
689 736 734 817 B.
761 735 923 834 Virginis
949 739 1089 817 ideriae
1121 736 1320 818 honoribus
1351 742 1568 828 dicandum,
1604 743 1694 842 quid
1722 766 1816 820 vero

176 880 264 936 eum
281 858 329 935 'id
346 858 389 933 <in
413 860 501 954 rogo
524 857 857 965 Ammergouiensr,
880 858 961 934 loco
985 871 1064 937 tarn
1083 857 1292 938 horrido&
1319 861 1459 939 difficili
1479 864 1654 940 collocare
1676 861 1816 939 monis

29 1022 38 1030 -
103 1035 107 1044 .
177 976 257 1055 seti
313 977 504 1078 Numquid
532 978 590 1056 vel
610 977 700 1054 inde
726 978 859 1056 merito
887 977 1066 1075 colligitur
1090 975 1188 1055 Eum
1210 977 1282 1056 bac
1308 980 1494 1059 oceafione
1514 983 1703 1080 utrimque
1731 983 1817 1059 Du·

176 1097 239 1174 eis
258 1097 424 1175 Heinrici
446 1096 622 1175 nimirum
647 1097 758 1196 atque
776 1097 936 1177 Comitis
955 1096 1149 1176 Etiehonis
1175 1111 1472 1199 protoparentum
1494 1101 1640 1179 suorum
1664 1102 1817 1179 Memo-

175 1216 270 1297 riam
300 1217 514 1301 instaurare.
554 1229 665 1316 atque
689 1211 849 1295 ulam
879 1220 1020 1316 Sepallcro
1046 1218 1137 1296 illud
1164 1218 1352 1316 imponere
1373 1215 1546 1301 soluiliei
1603 1222 1656 1299 Vt
1681 1230 1813 1303 auteur

176 1320 396 1417 simillimam
424 1335 592 1436 pristinae
621 1335 754 1439 Cehae'
773 1335 930 1414 sunnam
958 1339 1125 1428 referret,
1158 1342 1297 1417 nedum
1326 1339 1495 1418 Molothis
1526 1341 1703 1424 cellulas,
1745 1340 1813 1421 sed

173 1458 214 1538 dr
236 1458 328 1536 Xlll.
381 1458 547 1535 Nobilibus
566 1454 776 1532 habitacula
794 1456 910 1556 'aptari
925 1457 1041 1555 juffit,
1072 1457 1263 1538 abhorrere
1289 1461 1520 1539 acommuni
1534 1484 1636 1538 more
1656 1460 1810 1546 fastum.

173 1583 214 1661 dt
238 1602 363 1658 carere
384 1576 564 1674 Exemplo
582 1573 791 1666 videbatur,
822 1589 864 1656 vt
883 1600 956 1656 vna
979 1576 1082 1657 srmnl
1106 1575 1255 1657 Mmacil
1272 1583 1312 1660 dt
1335 1582 1463 1678 &airu
1486 1581 1712 1657 habitarent:
1745 1580 1811 1658 sed

170 1700 262 1780 vicit
292 1698 376 1776 aeui
406 1694 708 1775 consuetudinem
734 1695 914 1795 Principis
934 1699 1049 1797 juffio.
1090 1698 1375 1776 ¹Obsrnnauernt
1395 1700 1577 1788 animum,
1619 1711 1659 1780 vt
1679 1699 1808 1778 Cellae

60 1884 63 1891 .
171 1818 225 1897 illi
253 1818 424 1919 antiquae
443 1838 573 1895 recens
600 1834 623 1890 a
652 1816 687 1891 se
710 1818 885 1896 exstrutla
911 1842 959 1895 ex
984 1818 1052 1895 asse
1077 1817 1202 1896 smilis
1233 1821 1464 1909 redderetur,
1500 1823 1539 1900 dr
1566 1820 1807 1921 quemadmo-

38 1945 43 1961 ‘
173 1943 264 2018 dum
282 1937 417 2016 Eticho
442 1959 529 2015 eum
557 1935 634 2013 llll.
664 1934 856 2043 primariae
879 1937 1089 2018 Nobilitatis
1117 1938 1205 2016 vifis
1229 1939 1304 2016 illic
1332 1940 1368 2017 se
1398 1941 1605 2031 abdiderat3
1637 1941 1690 2017 ita
1714 1961 1805 2039 quo·

122 2123 126 2133 .
170 2084 245 2161 que
272 2060 351 2137 ΧΠ.
378 2052 551 2158 Equites,
598 2055 728 2155 quibus
757 2057 1081 2142 tertiusdecimus
1108 2082 1195 2136 cum
1220 2058 1376 2156 Mugilla·
1407 2060 1587 2155 dignitate
1609 2059 1806 2160 praeesset,

168 2180 308 2260 ibidem
336 2179 458 2255 sedem
481 2178 644 2274 figerent.
712 2177 789 2254 Sed
815 2177 854 2255 dr
879 2179 1069 2256 Coenubio
1095 2179 1242 2256 Nomen
1265 2178 1345 2256 Rlol
1371 2180 1524 2266 indidit,
1558 2183 1631 2259 hoc
1652 2181 1721 2267 est,
1758 2183 1811 2259 ab

172 2296 336 2378 uuluae
360 2297 535 2377 vocabulo
557 2295 726 2372 deriuata
743 2282 1067 2382 Nomenclatione,
1104 2298 1217 2375 Valloa
1238 2301 1387 2385 Etrmdr.
1413 2300 1487 2378 siue
1507 2299 1666 2377 Eruimus
1682 2300 1811 2377 nomi·

170 2419 300 2512 nauit,
357 2417 606 2494 Vehementer
631 2414 724 2492 mibi
751 2416 976 2512 gratulabar,
1007 2417 1193 2516 postquam
1215 2417 1433 2527 diutnmiori
1453 2418 1711 2495 Historirorum
1732 2418 1808 2490 Le·
1852 2482 1862 2497 .,

170 2539 290 2623 stione
310 2535 440 2627 didici,
462 2537 563 2637 quod
585 2537 624 2614 dt
650 2545 738 2612 ante
766 2557 829 2614 me
853 2536 989 2614 eadem·
1015 2537 1186 2614 senserint
1212 2537 1292 2618 Viri
1318 2536 1494 2617 clarissimi
1525 2533 1726 2622 Pseffelius,
1761 2537 1808 2621 ὰ

170 2672 257 2740 ante
278 2660 378 2749 hunc
403 2660 590 2736 Gruberus
613 2657 652 2732 in
678 2656 765 2733 Not.
791 2656 838 2732 ad
858 2657 991 2734 Euard.
1015 2656 1113 2752 Orig.
1136 2657 1256 2735 Gnels.
1276 2659 1379 2741 Tom.
1394 2658 1436 2736 ll
1457 2679 1537 2758 pag.
1558 2672 1637 2756 197.
1700 2655 1806 2733 lilius

69 2760 79 2777 ’
169 2770 290 2865 Verba
303 2780 388 2857 heic
410 2777 578 2856 reseram.
602 2776 679 2854 bc.
708 2775 748 2851 in
773 2776 927 2853 Praesat.
953 2779 1000 2854 ud
1021 2777 1166 2855 Eltalne
1189 2782 1433 2858 Monumenta
1457 2780 1583 2859 Verbis
1611 2781 1713 2877 supra
1738 2779 1805 2854 ad·

167 2900 300 3002 legatis
323 2900 416 2980 haec
437 2896 597 2995 subjicit:
625 2896 748 2973 Notum
767 2899 913 2986 uma«,
937 2897 1023 2996 ΜΕ
1039 2900 1087 2975 lit
1100 2940 1117 2959 ·
1131 2907 1191 2986 lul,
1229 2902 1346 2977 Vallem
1364 2902 1509 2987 mmm,
1538 2897 1606 2996 sarr
1627 2895 1814 2975 melone

168 3026 300 3114 dem,
319 3028 497 3099 mutim
517 3024 638 3094 umba
658 3017 753 3114 refert
778 3015 954 3095 Etlirhauir
976 3017 1091 3114 Welfi,
1114 3029 1167 3117 qui
1187 3023 1285 3097 mello
1303 3023 1428 3099 vidend
1444 3021 1550 3117 filiam
1573 3024 1732 3097 illumne
1750 3044 1802 3094 rr·

166 3165 244 3242 gun
285 3143 493 3221 curidum
530 3139 732 3240 assuspm
777 3144 812 3216 ln
842 3155 987 3216 mou
1023 3141 1273 3237 Amleguam
1325 3143 1510 3241 Similis
1548 3136 1806 3237 Stdaronmst

269 3511 306 3587 b.
330 3501 480 3583 Monuit
496 3526 559 3583 me
578 3523 666 3583 vero
690 3498 909 3581 (Ilariffimns
933 3499 980 3580 D.
1001 3500 1165 3595 Aulam
1188 3500 1376 3581 Gomoald
1397 3499 1528 3598 (cujus
1550 3522 1659 3600 opera
1678 3497 1803 3599 proxi·

169 3625 246 3709 nis
272 3625 400 3713 annis,
426 3623 591 3703 seculari
617 3644 750 3720 nempe
775 3625 904 3700 ostano
923 3621 1129 3700 Monasterii
1154 3624 1222 3711 ml,
1248 3621 1457 3700 Chronicon
1472 3618 1803 3718 Rallmlncimsevi·

170 3746 364 3843 debimns)
387 3744 563 3842 injurium
587 3742 748 3820 mesore
767 3741 804 3817 in
824 3741 1069 3840 Anonymum
1105 3733 1433 3841 Weingarte'nstm.
1463 3740 1489 3818 sr
1518 3741 1617 3818 aliud
1645 3743 1691 3817 ab
1722 3738 1807 3838 lplo

167 3868 339 3955 uanum,
366 3867 502 3965 thote
528 3865 591 3964 qui
612 3862 833 3940 Ethiconem
847 3866 888 3938 ad
912 3864 1023 3938 Villam
1043 3864 1247 3960 Ambirgon
1270 3863 1431 3941 seceffilse
1454 3865 1597 3947 scribat,
1619 3884 1715 3961 quae
1732 3859 1807 3937 Et·

51 4020 65 4037 ··
166 3988 243 4066 tala
266 3985 411 4065 mediae
438 3983 564 4062 saltem
585 3983 698 4061 borae
730 3982 842 4082 spatio
864 3983 980 4059 distet.
1057 3983 1193 4060 Verum
1218 3984 1311 4059 haec
1343 3986 1465 4082 potius
1494 3984 1533 4059 in
1564 4007 1643 4060 rem
1675 4006 1807 4062 meam

166 4108 305 4187 saciant
332 4129 474 4195 meam,
526 4127 637 4204 quam
664 4104 805 4181 obsunt.
885 4102 972 4180 Non
998 4103 1100 4180 enim
1131 4103 1221 4181 dicit
1255 4103 1460 4180 Monachus
1495 4103 1800 4200 weingartensis,

165 4229 266 4308 Eum
284 4237 318 4306 ln
345 4230 476 4312 Villam,
503 4223 567 4304 sed
590 4229 633 4302 al
651 4223 787 4304 Villam
812 4222 1044 4320 Ammer'gou
1061 4221 1219 4345 soreffiffrp
1248 4223 1415 4302 secessum
1438 4232 1564 4300 autem
1583 4230 1658 4299 non
1676 4248 1800 4324 quae·

166 4348 240 4437 rit,
264 4346 328 4447 qui
349 4344 397 4424 in.
409 4345 588 4424 consortio
604 4344 798 4447 homiuum
823 4363 1024 4442 eorumque
1043 4344 1248 4442 frequentia
1267 4343 1380 4430 sinit,
1418 4342 1543 4420 taedio
1569 4344 1683 4421 vidus
1709 4346 1800 4441 ndat

168 4483 314 4546 meamne
332 4464 445 4558 abiit,
460 4470 657 4567 sollallbear
673 4461 812 4564 prodit,
840 4463 932 4542 Vm
949 4463 1119 4587 obstruxit,
1154 4487 1251 4564 quas
1268 4464 1418 4564 quidem
1444 4475 1486 4545 vt
1510 4464 1672 4544 efficeret
1682 4489 1797 4665 o{iona-

435 4642 440 4651 .
1008 4588 1020 4617 ⁸
1640 4609 1681 4664 m
1732 4610 1797 4671 um
