3736 5160
121 221 167 280 ra
329 283 336 289 ,
691 173 1213 307 's2040&.2{*>;{}aa¹¹

119 380 261 469 media,
303 376 611 479 conjiciebamque
640 381 737 459 hano
759 382 1104 461 Nomenciationem
1126 381 1310 483 Oppidum
1337 379 1470 473 aiitu.
1493 383 1747 485 quodfirrredium

120 502 209 587 esset
228 501 265 577 in
290 500 385 598 sylua
415 499 475 573 illa
496 500 679 597 protensa.
718 503 908 602 accepisse:
946 524 1032 579 nam
1065 503 1110 577 ad
1139 506 1292 588 (urceum
1323 524 1438 600 vsque
1462 505 1744 590 extendebatur,
1803 510 1806 514 ‘

120 623 204 702 vide
227 625 346 720 Mapp.
368 621 500 716 Geogr.
522 619 667 697 Seuteri
695 621 867 698 comitet
890 620 1011 720 'syroi
1032 619 1121 697 Litt
1149 623 1195 698 G.
1210 621 1247 696 d.
1276 620 1336 697 vbi
1362 625 1490 695 Scaea
1503 662 1521 678 ·
1541 622 1618 697 rm
1642 607 1747 720 repe·

118 743 192 818 ries
219 743 316 819 inter
334 741 500 836 Srefeldam
520 743 559 819 ὅτ
578 743 751 837 Gyreolom
776 763 861 837 ergo
871 741 1048 817 Chartam
1066 739 1355 837 Geographicam
1370 742 1483 818 medii
1496 744 1612 828 Aous,
1633 729 1747 840 quam

13 930 19 951 ,
117 861 407 939 celebratissimus
423 860 549 937 Abbas
577 860 851 941 Gottswioensss
880 859 987 959 Operi
1021 859 1084 935 suo
1107 860 1249 945 adfixit.
1278 860 1422 937 auidius
1443 860 1746 958 peruetigabam.

121 978 146 1057 fi
169 981 257 1080 quid
278 981 370 1057 sorte
394 981 433 1081 in
455 1004 532 1056 rem
553 1003 675 1057 meam
696 990 909 1058 occurreret.
961 979 1134 1058 Succeffit
1150 991 1323 1061 conatast
1350 984 1515 1057 Scarurrso
1537 980 1636 1057 enim
1657 1004 1745 1057 ocu·

119 1101 185 1186 lis.
210 1110 289 1179 tum
312 1124 400 1178 mox
426 1100 550 1177 animo
570 1103 682 1178 etiam
701 1100 846 1190 fluitur,
885 1099 988 1178 locus
1010 1099 1123 1193 hodie
1142 1099 1415 1185 munitissimus.
1447 1099 1568 1200 &qui
1593 1099 1745 1179 Portam

120 1222 283 1321 'syrolim
306 1247 328 1298 e
347 1220 725 1316 Bauariaiugressuris
746 1221 878 1317 aperit,
904 1223 1056 1327 Sciratae
1078 1220 1138 1296 seu
1157 1220 1303 1295 Seberriz
1323 1243 1422 1295 nunc
1443 1233 1603 1298 vocatus.
1658 1224 1745 1297 Hoc

34 1362 37 1367 ·
119 1344 195 1442 ipso
212 1342 250 1419 in
270 1343 390 1421 Antro
411 1342 456 1417 ab
480 1341 729 1442 antiquiffimis
750 1340 976 1438 temporibus
1003 1339 1152 1416 condita
1177 1338 1334 1429 Abbatia
1352 1339 1530 1417 visebatur
1559 1343 1764 1430 semonia.

5 1506 12 1515 ·
66 1527 71 1541 .
118 1463 232 1551 Anno
251 1464 350 1541 XVl.
372 1460 601 1548 theutonis,
642 1459 774 1537 Christi
805 1484 891 1538 vero
912 1467 995 1560 763.
1015 1460 1178 1535 fundata.
1240 1459 1325 1535 Non
1348 1459 1464 1536 multo
1485 1460 1558 1557 post
1578 1472 1745 1558 tempore

31 1629 32 1632 κ
119 1583 222 1659 uaso
248 1582 396 1658 Arilom's
416 1580 582 1680 Episcopi
602 1579 828 1676 Frisrngenfis
849 1578 974 1655 niuosa
994 1578 1183 1655 solitudine
1203 1578 1324 1655 relilta
1343 1578 1602 1655 lilonasterium
1626 1583 1673 1657 ad
1691 1581 1746 1657 la-

120 1725 206 1780 cum
227 1703 381 1801 Korbrlsor
402 1700 618 1778 uanslatum
639 1700 707 1789 est,
740 1700 799 1777 vbi
821 1699 1026 1776 etiamnum
1048 1697 1221 1785 confiuit,
1265 1699 1458 1792 Scblrcbdorf
1479 1700 1744 1798 nuncupatum.

61 1842 92 1913 ,·
120 1821 196 1901 Adi
228 1821 273 1897 R.
297 1824 336 1899 P.
359 1819 634 1898 Meichelbeokii
656 1819 850 1899 Historiam
875 1817 1022 1915 Frisrng.
1044 1817 1192 1896 lehc.
1208 1841 1243 1913 3.
1262 1825 1296 1915 §.
1312 1841 1346 1913 3.
1370 1839 1448 1916 pag.
1467 1826 1524 1896 bo
1549 1819 1664 1898 immo
1679 1843 1745 1920 po-

121 1942 197 2019 tius
216 1943 457 2019 Monumenta
474 1941 590 2035 BoJ'ca
609 1939 688 2020 Vol.
713 1940 772 2016 IX
796 1962 830 2037 p.
856 1962 889 2036 7.
914 1937 952 2015 dt
974 1939 1066 2039 seqq.
1128 1940 1190 2017 An
1216 1951 1337 2015 autern
1358 1937 1460 2049 locus
1489 1963 1510 2013 a
1543 1938 1660 2036 qiua,
1695 1965 1742 2017 an

121 2061 266 2141 viciffim
287 2061 389 2162 sylua
413 2060 532 2137 alooo
555 2061 700 2138 Nomen
723 2057 874 2136 tulerit?
897 2059 1033 2154 ignoro
1094 2058 1240 2135 Summi
1267 2055 1344 2134 Viri
1369 2057 1592 2144 Leibnitius.
1628 2060 1739 2138 Euar-

123 2185 212 2272 dus,
244 2185 281 2261 &
302 2180 486 2259 Pfeffelius
505 2180 643 2259 Auttor
664 2183 987 2255 Monumentorum
1004 2178 1266 2255 Bauaricorum
1295 2177 1391 2256 hanc
1410 2178 1546 2275 syluam
1576 2183 1743 2275 scyrorum

124 2303 256 2381 distem
284 2300 500 2401 suspicantur
525 2325 547 2377 a
575 2297 711 2398 Populo
734 2300 917 2394 scyrorum.
953 2296 1016 2395 qui
1045 2296 1252 2374 Sueuorum
1269 2297 1431 2393 Regibus
1451 2300 1677 2375 mmmmm
1704 2304 1744 2381 dr

8 2520 10 2527 Ι
89 2477 94 2491 .
125 2399 381 2499 ΔαήεόΑηηο
399 2433 481 2520 458.
504 2420 650 2496 foedere
670 2430 795 2494 contra
812 2416 957 2495 Gothos
976 2413 1088 2511 junui
1103 2429 1216 2491 erant.
1267 2418 1452 2514 Principes
1475 2443 1602 2497 eorum
1622 2421 1742 2506 aaa,

3 2571 6 2579 ·
127 2543 170 2621 dt
198 2541 303 2637 Wolfo
324 2540 545 2616 dicebantur.
607 2536 767 2617 Nomina
794 2538 934 2613 &aba
955 2539 993 2615 dr
1020 2536 1120 2630 Welfo
1140 2537 1329 2617 simillima
1383 2539 1482 2635 Lege
1504 2539 1674 2638 Jomand.
1695 2541 1744 2618 de

125 2660 233 2738 rebus
261 2660 390 2763 geticis
418 2659 516 2737 Edit.
541 2658 783 2754 Lindenbrog.
807 2677 938 2756 p.137.
998 2649 1134 2734 Verum
1159 2657 1336 2757 quidquid
1363 2657 1493 2736 horum
1518 2659 1581 2748 fit,
1620 2675 1743 2760 putes,

125 2802 234 2871 caue,
250 2781 410 2859 Nomine
427 2783 537 2878 Syluoe
557 2804 632 2857 non
654 2777 718 2855 nifi
731 2781 871 2855 Nemus
891 2776 1036 2876 aliquod
1055 2774 1241 2873 fignificari
1262 2779 1365 2866 heic3
1394 2781 1465 2876 ipsa
1485 2781 1618 2875 Regio,
1645 2784 1745 2881 quod

123 2902 282 2983 saltubus
313 2903 482 3002 frequens
504 2899 607 2990 effer,
648 2900 745 2997 sylua
771 2898 972 2986 dicebatur,
1005 2899 1315 2997 quemadmodum
1332 2901 1426 2995 sitm
1453 2899 1628 2995 Hercym.
1650 2905 1745 3000 sysara

124 3026 313 3122 ammam
332 3034 400 3097 etc.
427 3021 572 3096 Confer.
595 3021 837 3098 Monumenta
859 3018 974 3114 Bojca
993 3017 1137 3097 Volum.
1154 3018 1228 3093 Vll.
1247 3041 1281 3114 p.
1299 3025 1381 3113 363.
1405 3018 1462 3096 vbi
1479 3019 1626 3114 infignis
1644 3020 1744 3118 ejus·

123 3147 211 3225 dem
244 3141 367 3240 syluae
390 3143 545 3216 occurrit
576 3139 734 3224 mentio,
786 3140 929 3234 quidquid
959 3136 1101 3234 prefatas
1142 3138 1310 3214 Heimr‘cus
1345 3146 1379 3214 sn
1419 3142 1550 3237 desceasta
1586 3164 1745 3243 neonus

7 3247 14 3263 ’
92 3284 279 3348 amave,
306 3285 373 3357 qu
395 3281 600 3335 centaurea
629 3281 805 3343 urcrrva,
832 3259 1004 3359 potestmm
1023 3255 1162 3354 poffidm
1197 3263 1230 3332 sa
1249 3265 1327 3343 loco.
1365 3266 1418 3355 qm·
1439 3266 1526 3333 tirum
1556 3270 1742 3359 appellator,

123 3401 217 3483 atron
242 3390 291 3459 tue
318 3380 604 3474 Wezziabrunenfts
628 3376 759 3472 Ecclaeste
781 3377 944 3451 Fratrsbru
956 3377 1084 3471 solemni
1104 3380 1262 3452 donatione
1284 3386 1396 3474 legauit
1422 3390 1493 3453 etc.
1564 3383 1744 3467 Quorsum
1809 3434 1814 3441 -

123 3505 216 3583 haec
236 3502 331 3580 dista
350 3497 439 3588 fint,
462 3523 508 3577 ex
528 3499 575 3577 iis
596 3521 690 3599 quae
710 3494 863 3572 inferius
881 3495 1037 3579 dicenda
1058 3495 1139 3572 sunt
1159 3499 1288 3575 Lestor
1306 3497 1493 3595 intelliget

221 3767 256 3838 3.
282 3743 363 3827 Quo
393 3748 517 3841 autem
546 3735 659 3814 Anno
686 3737 796 3811 Etbico
820 3732 889 3811 sese
911 3733 948 3810 in
970 3734 1117 3836 regione
1138 3735 1249 3813 isthac
1273 3737 1420 3814 horrida
1442 3739 1639 3827 abdiderit,
1666 3743 1745 3821 Ne·

120 3886 183 3944 mo
205 3861 466 3940 Historicorum
485 3855 693 3941 adnotauit,
728 3853 816 3955 quin
844 3880 892 3930 ne
911 3855 1139 3953 Imperatoris
1161 3857 1309 3955 quidem
1329 3859 1494 3946 Nomen.
1520 3850 1541 3936 a
1561 3885 1634 3959 quo
1646 3861 1677 3938 F
1677 3888 1744 3940 eu-

121 3987 171 4062 da
190 3981 367 4081 acceperit
390 3981 556 4054 Heinrsoar
574 3976 666 4072 Ejus
685 3974 817 4064 Filius,
839 3974 937 4051 vllibi
958 3977 1154 4074 expressum
1178 3978 1373 4055 inuenitur.
1438 3981 1478 4057 Si
1502 3982 1593 4058 fides
1614 3984 1743 4065 haberi

129 4105 290 4182 ummo
308 4099 436 4196 pollet,
476 4104 551 4175 re‘m
581 4097 629 4174 ad
657 4096 831 4190 Amolfim
851 4094 1109 4195 Imperatorem
1140 4098 1274 4175 referre
1301 4100 1393 4177 haut
1419 4102 1649 4196 ambigerem.
1697 4107 1743 4186 ln

121 4219 329 4301 Monasterii
351 4219 452 4306 enim
473 4214 732 4314 Hirsaugienfis
755 4217 938 4293 Chronica
958 4240 1037 4315 pag.
1053 4239 1099 4313 25
1134 4219 1187 4295 ita
1202 4218 1339 4296 scribit:
1366 4216 1597 4316 emansor
1615 4226 1742 4304 Arma

113 4349 194 4444 plur
216 4342 383 4437 Imperator
406 4341 614 4445 Romanam
635 4340 699 4440 posi
718 4339 859 4413 Cmobm
877 4334 1009 4436 groffm
1030 4391 1039 4411 .
1061 4323 1075 4414 ⁸.
1097 4390 1107 4414 .
1133 4339 1262 4414 onrem
1283 4342 1385 4415 tuat
1408 4362 1618 4420 uvcnaunm
1633 4343 1742 4440 fissam

120 4480 338 4542 wauruours
364 4482 469 4535 bvcrs
494 4480 687 4536 anuaruae
711 4467 781 4533 eto.
860 4456 970 4533 Certe
1002 4461 1040 4538 dr
1066 4457 1255 4535 Annalista
1281 4458 1380 4536 Saxo
1410 4464 1448 4541 dt
1474 4463 1607 4539 veteris
1629 4463 1740 4564 Frag-

18 4580 23 4587 '
120 4578 239 4663 menti
257 4577 395 4660 Ausior
423 4579 605 4666 referunt,
649 4577 834 4667 &arear
868 4573 1076 4669 horniuium
1100 4578 1315 4679 Imperatori
1341 4580 1459 4660 secisse
1488 4570 1740 4684 persuasurus

1628 4707 1739 4787 Sororr
