3736 5160
715 102 749 141 ·,

136 242 208 319 asa
738 230 1160 321 *eom*

135 400 285 483 versiam
314 403 384 478 effe
404 414 586 481 vocatum.
660 405 703 482 Si
732 409 828 485 roste
862 408 1044 507 assequor,
1084 410 1131 484 de
1161 406 1381 487 Monallerio
1406 408 1630 488 murbacenli
1655 411 1706 489 (le
1738 412 1772 489 se
1804 464 1841 475 -

135 548 209 603 non
235 523 289 600 est
309 523 487 622 quaestio,
519 537 583 601 aut
609 525 822 615 difficultas,
856 528 915 604 sed
944 541 1090 605 tantum
1119 531 1166 604 de
1193 528 1324 605 Vnime
1346 526 1528 632 Lurlrenfi,
1569 555 1667 629 quae
1695 533 1841 609 usk

134 648 183 724 de
205 644 447 742 impugnatur.
497 644 642 733 Timeo,
669 672 716 722 ne
762 690 811 705 —
859 690 908 707 -
953 648 1056 722 Deus
1078 649 1282 733 conseruet,
1319 648 1359 726 δι
1385 662 1517 745 augeat
1531 651 1799 740 Monasteria.

134 765 342 865 semperque
368 767 559 844 nobiscum
585 780 745 844 maneat.
795 768 913 843 llatae
938 768 986 843 ad
1008 768 1046 843 S.
1069 769 1214 845 Gallum
1238 793 1272 867 4.
1296 768 1445 865 August.
1468 770 1583 848 Anno
1607 779 1721 851 1602.

26 1023 31 1030 ·
118 1076 123 1085 ,
227 1004 278 1083 Et
304 1006 389 1081 sane
411 1006 509 1105 quod
538 1007 696 1083 secundo
731 1005 841 1103 hujus
873 1007 980 1084 leouli
1017 1031 1113 1085 anno
1139 1007 1335 1087 Bernurclru
1360 1008 1523 1088 totamm
1551 1012 1833 1109 praesagiit-

133 1126 320 1205 [ardaricus
340 1127 473 1205 Adriur
502 1126 688 1227 Episcopus
722 1126 856 1205 Abbati
879 1130 1000 1205 nolito
1025 1129 1161 1205 fastum
1187 1128 1336 1225 septimo
1362 1129 1505 1207 decimo
1530 1128 1841 1226 significauit...

132 1248 193 1325 llis
222 1250 377 1324 adeum
402 1247 498 1323 datis
521 1248 670 1323 'lucerna
691 1246 863 1325 Litteris:
902 1248 1118 1325 Perillullris
1153 1248 1191 1324 δι
1215 1249 1431 1325 Admodum
1455 1250 1679 1348 Reueseude
1701 1256 1848 1341 Pa—

132 1371 208 1445 ter!
258 1365 413 1444 Nouerit
441 1366 563 1463 procul
589 1367 699 1443 dubio
724 1368 940 1444 Dominatio
961 1382 1027 1445 tua
1055 1369 1093 1443 in
1118 1368 1337 1445 monasterio
1360 1367 1595 1471 Murtaceop,
1625 1372 1855 1453 nobiliz

133 1488 220 1566 simo
238 1488 329 1593 seriis
357 1488 566 1588 Aprosiolicue
588 1513 629 1563 nc
652 1487 790 1587 Imperii
811 1488 966 1565 Membro
992 1491 1038 1564 ub
1070 1488 1291 1565 inueteratas
1316 1488 1413 1567 illius
1435 1490 1596 1569 Aiebat-is
1621 1514 1667 1569 ac
1686 1494 1860 1571 Mo·-

131 1610 333 1687 naclrorum
360 1607 565 1683 Discordias
592 1606 827 1705 Disciplinam
855 1608 1093 1686 Monallicam
1122 1609 1277 1685 omnino
1307 1608 1377 1687 ell'e
1410 1608 1630 1707 collapsama
1675 1634 1863 1713 quaa

131 1730 281 1831 quidem
310 1727 516 1804 Discordiae
538 1726 752 1814 effecerunt,
793 1740 833 1809 vt
851 1740 931 1805 tam
964 1720 1106 1815 sonas,
1140 1752 1249 1828 quam
1280 1728 1455 1805 Monaclti
1478 1727 1654 1827 ejusdem
1688 1736 1865 1812 Ali—-

130 1850 252 1930 batiae
271 1846 518 1951 Murlrucmfis,
555 1871 598 1923 ac
626 1844 796 1953 Lusrurstr
821 1849 882 1949 lpll
903 1850 1131 1928 Serenillimo
1158 1848 1344 1927 Arclrirluci
1367 1850 1626 1929 Luoeouno
1643 1880 1862 1955 perpe—-

131 1984 221 2051 muru
253 1970 578 2071 Adrur'uistruir‘oneru
618 1966 812 2060 obtulerint,
865 1994 976 2071 quam
1008 1968 1191 2046 Cellltudo
1222 1968 1283 2043 sua
1319 1968 1535 2047 serenissima
1563 1974 1857 2051 medentee

130 2091 342 2170 Sanslillimi
367 2089 515 2165 Domini
546 2087 654 2165 nostri
679 2084 862 2167 consensu
888 2089 1058 2188 suscepit,
1088 2089 1316 2189 promittens
1345 2090 1524 2167 sanititati
1555 2086 1656 2179 suae,
1693 2116 1860 2171 nu—

130 2212 257 2311 bisque
286 2212 344 2287 ins
370 2208 407 2284 in
437 2208 605 2286 Partibus
630 2210 711 2305 ejus
740 2210 838 2287 vices
864 2210 1092 2306 gerentibus,
1130 2214 1167 2289 ἀ
1194 2206 1315 2306 palam
1342 2209 1534 2305 profitens,
1582 2211 1619 2287 se
1641 2212 1855 2317 Abba-2

130 2330 221 2419 tiae,
254 2354 297 2406 ac
323 2328 530 2405 lilonallerii
551 2342 634 2405 tam
659 2330 870 2428 spiritualia,
908 2352 1020 2428 quam
1047 2328 1258 2427 temporalia
1284 2328 1322 2404 in
1354 2329 1459 2426 peius
1480 2328 1522 2407 iu
1548 2330 1666 2409 hom
1696 2330 1846 2411 sru—

128 2452 232 2549 gulaa
266 2448 410 2527 ruentia
444 2472 508 2545 pro
538 2450 673 2526 viribus
708 2449 777 2525 else
802 2462 1068 2547 reparaturum,
1119 2454 1155 2528 ἀ
1186 2447 1479 2527 restauraturam.
1533 2452 1619 2529 nd
1646 2455 1740 2553 quod
1834 2505 1843 2538 ,

129 2596 223 2673 quae
249 2571 300 2647 ell
323 2568 406 2666 ejus
434 2568 572 2645 summa
603 2568 743 2656 Pietas,
783 2568 974 2669 zelusque,
1010 2570 1175 2646 animum'
1203 2568 1327 2648 sensim
1354 2570 1500 2669 adjecit.
1567 2574 1669 2651 Nam
1693 2576 1839 2651 ha·

127 2696 176 2772 de
214 2691 319 2769 causa
353 2687 585 2789 personaliter
615 2686 846 2767 Scsrwilorium
878 2688 912 2764 se
938 2688 1145 2776 transtulit,
1197 2714 1246 2765 eo
1277 2688 1419 2778 animo,
1454 2702 1497 2769 ut
1514 2692 1660 2771 distem
1682 2694 1833 2771 tro-

128 2812 320 2891 nallerium
347 2806 565 2909 Murlucmse
586 2809 732 2907 pristino
759 2809 864 2887 statui
897 2833 940 2884 ac
970 2808 1145 2907 splendori
1176 2808 1347 2885 rellituat.
1409 2812 1519 2899 -Quod
1544 2822 1589 2889 vt
1618 2812 1829 2889 suellis-*⁵¹

128 2932 302 3033 praeliare
326 2929 447 3028 possit,
489 2928 608 3006 noll-ro
636 2940 777 3030 arrepto
799 2930 950 3007 consilio
971 2942 1113 3007 veteres
1136 2928 1315 3005 succidere
1324 2939 1348 3022 ,ἶ
1380 2930 1557 3009 &nouas
1583 2932 1636 3009 ibi
1659 2934 1825 3033 plan*

127 3072 205 3133 tare
229 3053 392 3137 arbores,
438 3074 531 3149 quae
567 3049 628 3125 suo
659 3065 823 3147 tempore
852 3052 988 3128 srullus
1027 3050 1157 3146 dignos
1196 3046 1321 3125 all'erre
1352 3050 1498 3148 polllnt,
1539 3052 1820 3131 constituisse

11 3218 16 3223 ·
128 3176 281 3255 videtur.
346 3172 439 3245 Eam
459 3169 510 3245 ob
536 3192 615 3245 rem
649 3170 854 3269 nuperrime
884 3170 955 3246 suis
991 3173 1037 3246 ad
1057 3194 1131 3246 uos
1159 3170 1258 3245 datis
1283 3168 1434 3277 Litteris
1459 3169 1563 3251 idem
1593 3172 1815 3253 serenilli‘

126 3318 218 3387 mua
239 3318 262 3369 a
285 3290 391 3370 nobis
428 3288 670 3367 instantissime
704 3291 827 3389 petiit,
869 3304 908 3367 vt
935 3290 1021 3366 hinc
1052 3289 1090 3364 in
1130 3288 1357 3367 llbnasteriis
1389 3288 1565 3367 llelurriae
1595 3296 1634 3373 tlt
1674 3292 1757 3372 nliu-

45 3482 51 3489 .
126 3419 218 3502 uiue,
268 3410 408 3487 nostrae
449 3408 620 3503 legationi
640 3410 817 3506 tunjeelis
851 3409 974 3486 saltem
1008 3412 1101 3485 duos
1135 3409 1339 3486 Monachus
1371 3408 1546 3505 iuuenes,
1596 3414 1754 3499 nubiles,

124 3540 241 3617 bonae
267 3529 423 3614 Indolis,
465 3528 570 3605 bonis
596 3530 778 3619 Moribus,
818 3530 1041 3627 Litterisque
1062 3530 1266 3628 praeditos,
1294 3553 1337 3606 ae
1360 3531 1541 3626 Regulam
1568 3532 1611 3609 ἃ
1637 3534 1752 3611 Bene·

124 3654 211 3734 disti
227 3652 339 3732 Viros
366 3649 551 3748 professos,
584 3650 647 3748 qui
667 3649 753 3725 illue
772 3650 871 3727 mitti
893 3648 1046 3749 possent,
1084 3674 1255 3748 quaerere
1270 3674 1346 3727 non
1368 3674 1617 3747 grauaremur.
1681 3652 1747 3729 Cui

123 3771 292 3875 petitioni
324 3796 370 3847 eo
398 3768 572 3845 libentius
606 3769 822 3857 annuimus,
861 3795 934 3869 quo
966 3770 1005 3849 ὅ(
1033 3795 1101 3847 nos
1124 3796 1179 3847 -ex
1213 3770 1322 3847 officii
1349 3770 1457 3847 nostri
1484 3770 1600 3849 nostri
1630 3770 1741 3851 debito

123 3896 208 3975 diiii
242 3890 452 3971 monasterii
481 3888 813 3976 Resonnationem,
858 3895 905 3969 ἀ
935 3913 1018 3967 rem
1056 3892 1121 3967 SS.
1158 3891 1320 3967 Domino
1360 3889 1480 3967 nollro
1519 3894 1745 3987 gratissimam

121 4014 337 4117 promouere
357 4024 536 4087 tenemur.
584 4010 780 4087 illonemus
805 4025 994 4109 propterea
1020 4010 1316 4087 Dominationem
1336 4024 1460 4098 tuam,
1497 4035 1541 4087 ac
1563 4036 1744 4111 rogamus,
1846 4028 1856 4085 ..³

123 4138 212 4217 vtli
242 4139 280 4211 in
307 4132 372 4209 isto
402 4147 467 4209 tuo
494 4130 712 4207 Monallerio
738 4132 813 4207 duo
841 4131 1016 4206 lllonachi
1048 4156 1133 4209 vete
1159 4131 1197 4221 S,
1221 4130 1341 4207 Patris
1367 4130 1560 4211 Benedisli
1593 4134 1747 4211 lmitato·
1833 4134 1843 4175 ·‘

119 4283 201 4347 res,
232 4255 372 4355 quiex
393 4252 498 4328 nobili
523 4255 627 4353 stirpe
649 4265 770 4328 ortum
795 4252 952 4337 ducant,
1000 4251 1174 4342 existant,
1213 4253 1260 4329 ad
1291 4250 1378 4329 diiii
1414 4249 1659 4341 Setenillimi‚
1694 4248 1741 4330 rel
1809 4346 1813 4355 .

121 4381 168 4456 ad
193 4376 361 4453 -nolirum
384 4384 521 4449 nutum
555 4370 785 4450 Monaesum
822 4372 1055 4451 destinandos
1087 4371 1251 4451 amntlos
1277 4369 1430 4457 lrabeat,
1477 4394 1550 4449 nos
1586 4372 1735 4453 interim,
1840 4420 1848 4427 -

62 4496 69 4507 '
120 4520 231 4600 quam
259 4494 418 4594 primum
437 4492 619 4571 certiores
647 4493 857 4584 reddendo,
909 4490 1077 4570 sinollri
1103 4490 1179 4573 veti
1209 4502 1416 4591 compotes,
1463 4492 1524 4571 vel
1557 4492 1660 4571 secus
1680 4488 1734 4565 elle
1837 4572 1851 4605 Ι

113 4618 300 4719 pellimus·
1431 4676 1435 4683 -
1524 4694 1529 4703 .
1692 4724 1731 4803 Et
1831 4700 1838 4709 .
