3736 5160
115 260 188 340 472
364 200 367 205 Ι
716 237 1137 331 *ww*
1215 220 1219 227 ¹

117 423 207 511 „led
232 422 351 497 facere
376 416 467 503 cito,
504 414 604 511 quod
630 413 834 493 faciendum
861 415 911 492 ell
936 416 1054 491 seniel
1119 415 1384 494 constituimus
1414 440 1500 514 ergo
1531 419 1577 494 ad
1601 424 1718 500 venturi

117 538 311 639 „proxime
344 536 474 615 mensis
498 535 660 611 Odlobiis
694 535 793 612 diem
823 535 1008 613 decimum
1031 537 1219 633 quintum,
1254 537 1439 635 praemilia
1472 538 1588 636 pridie
1618 544 1721 640 tempi

116 715 140 749 ,‚
150 662 195 735 D.
216 660 394 735 Othmaro
415 654 643 731 exaedificati
668 657 967 740 enumeratione,
1009 659 1208 753 praedlslas
1234 658 1348 734 sacras
1370 658 1540 756 reliquias
1563 659 1599 734 iu
1625 662 1724 742 luceru

117 781 322 879 „proferre‚
363 800 405 851 ac
430 774 561 874 populo
592 773 795 867 Christiano
819 776 1025 853 deuotionis
1049 778 1152 853 causa
1176 778 1391 855 concursum
1415 781 1643 858 venerandas
1663 808 1725 879 pro·

119 923 302 999 „ponere,
350 919 393 970 ac
417 897 565 973 demum
589 893 677 969 locis
710 895 781 974 suis
806 899 1019 973 recondere:
1064 914 1139 971 noti
1166 898 1316 994 quidem
1346 920 1432 973 cum
1455 922 1519 986 eo,
1558 923 1631 998 quo
1655 902 1728 977 alias

89 1045 216 1119 -‚,par
248 1018 350 1100 esset.
398 1014 582 1112 splendore
612 1037 655 1087 ac
687 1013 825 1110 plausu,
876 1014 935 1090 sed
966 1037 1051 1092 cuni
1084 1038 1128 1091 ea
1161 1018 1351 1115 adquam
1383 1017 1584 1095 infelicium
1615 1020 1731 1100 iiorun

81 1229 90 1241 ,ἶ
122 1196 145 1231 „
156 1153 361 1238 temporum
386 1134 574 1232 iniquitas,
614 1132 946 1234 circumdantisque
972 1133 1177 1210 haereticae
1204 1136 1309 1215 Vrbis
1333 1138 1526 1215 ooarstatio
1551 1162 1594 1215 ac
1618 1140 1732 1237 prelsu·

72 1244 79 1255 ’
121 1283 194 1352 „ra
217 1281 287 1334 nos
311 1254 424 1350 cogit,
466 1251 691 1349 simplicitate
717 1266 825 1351 atque
851 1253 1033 1329 modestia
1103 1254 1155 1330 Vt
1180 1256 1329 1353 proinde
1353 1255 1479 1333 frustra
1507 1257 1656 1335 futurus
1687 1260 1734 1347 sit,

122 1379 215 1479 „qui
240 1377 338 1452 aliud
372 1374 408 1449 in
435 1371 499 1446 illo
523 1372 771 1452 translationis
796 1375 875 1450 astu
900 1385 1041 1471 praeter
1063 1373 1257 1472 implicem
1281 1375 1553 1476 religiosamque
1583 1380 1738 1455 deuotio·

123 1523 240 1589 „netu
263 1496 531 1594 sanstorumque
545 1493 827 1570 Venerationem
850 1517 1022 1593 quaerere
1040 1493 1197 1575 voluerit
1220 1507 1283 1571 aut
1305 1494 1515 1594 exspetiare.
1566 1499 1741 1583 Quoniam

123 1633 275 1707 „tamen
300 1615 470 1691 nouimus
503 1612 601 1691 viros
636 1635 719 1691 vere
754 1613 935 1708 religiosos
967 1614 1132 1713 strepitus
1164 1614 1375 1714 plaususque
1400 1617 1599 1694 saeculares
1630 1619 1740 1715 parui,

124 1739 330 1838 „pietatem
362 1759 447 1813 vero
477 1733 596 1810 sacere
613 1733 825 1843 permagni,
867 1734 913 1809 ob
944 1758 1100 1836 eamque
1130 1759 1204 1815 non
1237 1759 1318 1812 raro
1351 1737 1652 1835 occupationibus
1683 1738 1742 1814 suis

124 1854 363 1955 „grauissimis
385 1878 460 1932 non
487 1844 657 1939 attentis,
690 1852 855 1931 molestas
880 1854 992 1931 etiam
1021 1854 1329 1963 peregrinationes
1352 1855 1521 1955 suscipere
1548 1881 1593 1932 ac
1619 1859 1741 1941 subires

126 1978 290 2071 „idcirco
316 2001 389 2052 non
417 1975 625 2053 erubuimus
649 1972 789 2052 viciuos
811 1971 948 2069 aliquos
972 1966 1155 2052 Praelatos
1179 1975 1217 2052 &
1238 1975 1400 2074 Abbates
1425 1977 1472 2052 ad
1496 1976 1659 2054 nostrum
1682 1976 1741 2056 boc

126 2098 286 2190 „festum
316 2094 547 2172 familiaritur
578 2093 752 2182 inuitare,
797 2105 902 2193 atque
927 2105 968 2172 vt
990 2118 1197 2192 comparere
1226 2092 1357 2181 velint,
1399 2098 1585 2194 peramice
1617 2122 1738 2194 rogare.

128 2219 229 2308 „Qui
253 2215 278 2292 li
310 2216 551 2295 obsecundare
576 2214 681 2291 nobis
705 2212 844 2311 dignati
879 2213 1031 2301 suerint,
1065 2226 1209 2310 gratum
1241 2213 1384 2292 Sanslis
1411 2215 1624 2315 obsequium
1653 2240 1740 2315 prae·

128 2338 317 2428 „liabunt,
348 2335 453 2415 nobis
475 2334 650 2431 gaudium
675 2334 810 2409 sacient
835 2332 1017 2430 singulare.
1077 2333 1168 2411 lllud
1192 2332 1305 2430 ipsum
1330 2347 1452 2413 tamen
1479 2338 1659 2431 gaudium
1679 2338 1740 2434 ple

128 2459 247 2550 „nius
270 2457 363 2532 soret
387 2459 424 2533 br
448 2455 566 2529 honor
589 2454 803 2530 Santtorum
828 2456 961 2551 major,
999 2455 1023 2531 si
1057 2454 1152 2530 inter
1182 2454 1273 2529 alios
1306 2455 1598 2553 Religiosissimae
1631 2458 1741 2543 Patres

130 2577 271 2667 „etiarn
299 2576 337 2651 Ρ.
363 2576 406 2653 V.
428 2572 773 2650 Reuerendiliimam
796 2575 1018 2670 praesentem
1043 2574 1275 2654 intueremur.
1328 2576 1504 2669 Maiorem
1530 2578 1684 2677 proinde
1710 2578 1739 2656 ln

129 2700 308 2790 „modum
330 2696 485 2769 eandem
508 2712 699 2787 rogamus,
744 2703 786 2769 vt
808 2692 964 2790 sepofitis
987 2694 1164 2792 tantisper
1188 2694 1269 2770 aliis
1300 2697 1370 2772 suis
1393 2697 1572 2792 negotiis,
1614 2702 1653 2777 di
1677 2723 1740 2776 mo·

129 2818 269 2905 „ielliis
301 2815 440 2894 viarum
474 2835 546 2886 non
579 2811 747 2896 attentis,
787 2813 833 2887 ad
865 2813 1020 2890 nostram
1050 2814 1192 2913 qualem
1232 2816 1483 2893 solennitatem
1519 2840 1739 2902 concurrere.

130 2939 293 3042 „suaque
317 2935 415 3010 illam
441 2931 638 3029 praesentia
659 2932 697 3006 in
724 2932 994 3010 Pontificalibus
1020 2934 1089 3011 suis
1117 2936 1348 3015 cohonestare
1372 2937 1554 3037 dignetur.
1634 2939 1740 3017 saciet

130 3059 199 3151 „in
226 3081 270 3132 eo
300 3079 378 3132 rem
410 3054 489 3131 Deo
521 3050 732 3151 cumprimis
755 3051 906 3148 ejusque
934 3054 1077 3131 Sandis
1109 3054 1354 3150 gratissimam,
1400 3057 1505 3131 nobis
1540 3060 1596 3133 ita
1630 3057 1741 3156 jucun·

68 3248 72 3255 .
130 3181 266 3268 ,‚dam‚
305 3187 345 3252 vt
369 3172 551 3250 obstristos
578 3196 646 3247 nos
669 3173 746 3248 sore
770 3173 969 3276 fateamur,
1006 3174 1067 3250 vbi
1093 3172 1336 3271 &quomodo
1363 3175 1568 3273 poterimus
1593 3202 1677 3257 eain
1698 3203 1741 3257 re·

132 3296 401 3394 „compensare
467 3294 516 3367 Et
538 3292 712 3389 quoniam
745 3292 783 3370 P.
798 3286 854 3369 'V.
887 3290 1230 3370 Reuerendiliimam
1263 3295 1475 3395 neutiquam
1508 3302 1739 3388 emansurani,

132 3418 225 3509 ,‚sed
247 3416 351 3491 nobis
375 3414 525 3489 omnino
547 3411 847 3507 gratificaturum.
881 3413 1096 3512 &idipsum
1121 3438 1185 3515 per
1207 3413 1446 3512 praesentium
1470 3414 1628 3498 latorem
1654 3420 1738 3517 ligni

131 3537 351 3630 „sicaturam
379 3535 578 3630 speramusa
616 3554 699 3607 cuni
724 3533 927 3611 saulliliima
957 3534 1046 3618 ulia,
1090 3550 1168 3609 turn
1196 3535 1283 3617 sellu
1306 3534 1375 3608 iter
1395 3537 1518 3613 eidein
1552 3564 1602 3615 ex
1634 3541 1738 3616 anino

133 3661 415 3755 ,‚adprecamur,
452 3656 498 3728 ad
521 3651 672 3751 quaeuis
698 3651 816 3726 officia
841 3652 975 3750 semper
998 3653 1202 3751 parauffimi
1263 3654 1321 3730 Ex
1345 3655 1568 3736 lllonasterio
1593 3658 1633 3739 S.
1660 3659 1737 3739 Gilli'

133 3779 227 3871 „die
256 3792 311 3866 18.
336 3774 520 3877 Septemb.
547 3773 607 3850 Ao
634 3779 738 3858 1628.
788 3772 1093 3875 Reuerendillima
1117 3775 1158 3853 P.
1184 3774 1226 3853 V.

1062 3963 1193 4033 Amicus
1213 3962 1441 4033 studlolillinius

831 4112 867 4182 r.
907 4070 1330 4193 1111111111,
1371 4117 1489 4188 Aaou.
1533 4124 1671 4213 inps«

135 4344 140 4351 ’
218 4362 509 4440 Humaniliimae
534 4361 620 4438 liuic
644 4357 853 4439 inuitationi
877 4360 1039 4439 demite
1063 4361 1222 4440 nostrum
1247 4375 1388 4482 certum
1413 4365 1457 4445 fit
1481 4394 1538 4471 ex·
1556 4370 1680 4451 Diario
1696 4336 1740 4463 se:

131 4481 345 4585 praestato:
373 4482 408 4556 in
432 4507 503 4580 quo
526 4483 617 4557 haec
639 4483 817 4579 leguntur.
869 4505 954 4576 „ip
977 4480 1116 4559 ouobr.
1135 4482 1461 4567 Reuerendiliiinus
1480 4489 1666 4571 nonninus
1680 4492 1737 4569 Ab

134 4602 230 4696 „bas
267 4599 532 4703 chsciiliisnnus
555 4629 626 4678 cnm
646 4602 736 4703 fiiis,
763 4602 800 4683 u
823 4598 1150 4681 Reuerendili'imiu
1175 4602 1294 4715 noller
1316 4606 1445 4683 Abbas
1474 4632 1564 4689 cum
1588 4612 1629 4690 P.
1651 4612 1737 4689 Bru·

199 4780 204 4786 .
1106 4728 1113 4737 '
1626 4730 1737 4820 „diisn
