3736 5160
599 281 602 285 ·
653 229 1018 324 immacu
1053 245 1076 307 i·
1300 224 1303 233 ’
1609 244 1694 321 120·
1829 334 1835 345 .

69 410 172 500 crilr,
192 417 233 488 ut
254 415 463 509 apportetur
481 414 654 509 paratura·
678 432 761 485 cum
779 433 863 510 *qua
885 409 1083 484 celebretur
1109 405 1225 494 milla,
1250 404 1481 507 similiterque
1503 405 1679 484 minillro-

67 558 138 615 rum
159 531 279 608 altaris
299 533 489 606 nnnrnntn
509 533 714 606 adamanta.
767 530 864 607 Cum
885 531 1037 606 ueniunt
1056 530 1102 607 ad
1122 526 1277 604 hostium
1304 527 1481 614 velli'ruli,
1505 526 1680 605 stantibus

68 649 283 731 elemolrnarii
302 648 451 727 farnulis
469 671 537 726 cnm
550 659 669 746 gemino
678 651 766 750 fasce
781 654 969 734 taenaron,
997 647 1121 745 linguli
1140 645 1295 744 fingulos
1324 649 1523 747 accipiunt,
1561 648 1681 746 capita

67 780 174 851 ciniis
195 772 232 867 ⁰)
253 793 328 847 non
353 768 533 869 operiunt.
584 771 783 848 Venientes
808 772 856 846 ad
876 769 1032 846 hostium
1056 769 1202 845 ecclelre
1226 791 1334 866 quarn
1358 778 1488 867 petunt
1511 771 1680 868 prediitis

63 893 195 973 fandis
215 896 336 966 lrcnlm
360 893 504 964 reddunt.
576 890 706 967 Cantu
732 891 779 966 de
804 889 931 967 sanitia
957 913 1081 985 qnorum
1117 894 1161 965 ili
1173 893 1253 986 fimi
1270 897 1441 987 patrocinio
1465 913 1549 966 cum
1581 891 1682 969 versu

63 1014 270 1111 collettnque
293 1010 418 1094 finito.
446 1009 564 1105 agitur
588 1009 711 1085 oracio
735 1032 820 1085 cum
844 1007 1084 1117 inclinacione
1110 1008 1288 1085 consueta.
1352 1009 1494 1085 Fratres
1517 1034 1602 1088 uero
1626 1032 1681 1087 re·

59 1133 183 1235 llqnlae
199 1129 409 1208 'sannonnn
436 1140 624 1228 portantes
657 1151 745 1207 mox
775 1131 813 1206 in
840 1130 992 1207 introitu
1016 1131 1112 1228 snper
1144 1136 1243 1206 aiore
1275 1154 1326 1204 ror
1347 1143 1481 1229 ponunt,
1522 1131 1560 1208 dr
1592 1143 1699 1207 tunc·-

56 1262 176 1335 venian
201 1261 312 1352 peiuri
349 1272 459 1349 quarn
491 1261 613 1327 tamen
648 1250 768 1349 postea
793 1276 861 1327 cnm
893 1273 946 1325 ens
976 1257 1157 1348 receperint,
1194 1251 1422 1348 premittunt.
1502 1251 1682 1328 Oracione

53 1373 233 1475 completa
267 1394 290 1448 a
320 1371 503 1462 sacerdote
529 1364 788 1447 ebdomadario
825 1395 924 1448 nona
957 1371 1129 1469 incipitur
1155 1371 1217 1471 qui
1254 1373 1293 1450 tr
1318 1397 1404 1449 mon
1432 1396 1517 1449 cum
1550 1371 1682 1449 ceteris

52 1498 96 1574 ad
121 1493 268 1572 millam
290 1515 346 1591 qur
369 1492 471 1585 rjl‘dr
494 1496 606 1567 mnan
632 1491 884 1569 ministraturis
909 1491 1073 1577 vestitur,
1112 1515 1184 1591 que
1209 1493 1327 1578 eciam
1351 1495 1487 1592 absque
1511 1491 1684 1591 pullacio·

50 1616 282 1695 aeduorum
306 1611 486 1709 signorum
511 1612 664 1689 canitur.
714 1613 797 1690 Post
820 1613 976 1710 primam
1000 1612 1184 1689 colletlam
1210 1636 1282 1688 non
1309 1613 1372 1689 nifi
1398 1613 1510 1690 altera
1534 1615 1581 1688 de
1606 1612 1684 1688 san·

49 1739 104 1817 ito
128 1759 222 1832 omar
253 1737 298 1809 ili
322 1740 466 1808 memorio
489 1736 532 1829 rjl
556 1734 712 1809 additur.
787 1732 870 1810 Post
900 1732 1031 1810 lotium
1059 1731 1291 1828 euangelium
1313 1741 1504 1820 cellerariis,
1542 1730 1683 1828 infirnu-
1826 1766 1832 1789 ¹

47 1866 136 1946 rins,
161 1854 379 1949 emundas
401 1864 550 1952 accepta
572 1851 988 1933 licenciareuertuntur.
1042 1852 1129 1929 Vnus
1146 1847 1239 1948 offert
1264 1856 1302 1931 dr
1321 1871 1425 1951 prtem
1449 1860 1568 1951 occipit.

149 2046 300 2127 interim
329 2048 374 2125 ab
400 2045 519 2143 aliquo
543 2045 687 2122 custode
708 2045 771 2143 qui
799 2047 836 2121 in
861 2043 1075 2122 monasterio
1101 2045 1320 2122 remanserat
1341 2045 1431 2122 hora
1461 2044 1684 2146 competenti

56 2192 164 2249 nona
184 2166 353 2267 pulsatur,
397 2190 468 2266 que
499 2168 538 2246 dr
566 2191 588 2242 a
613 2165 781 2244 fratribus
809 2167 871 2267 qui
901 2189 965 2265 pre
1001 2164 1248 2244 imbecillitate
1283 2166 1489 2265 procellioni
1519 2169 1684 2245 interelle

65 2314 144 2369 non
168 2299 347 2388 poterunt,
387 2287 425 2366 dt
447 2290 495 2365 ab
529 2287 686 2363 infirmis
721 2295 798 2364 tam
828 2286 867 2364 in
887 2289 1062 2389 moncrslerio
1089 2310 1199 2387 quarn
1230 2289 1272 2362 od
1295 2289 1329 2363 S.
1356 2285 1498 2364 Mariam
1532 2290 1717 2369 canitur.

64 2410 147 2489 Poll
168 2410 277 2489 inem
300 2409 400 2485 mille
420 2406 606 2487 confident
626 2407 777 2487 vniuersr
808 2412 926 2485 donec
954 2407 1093 2504 nienfiiio
1122 2406 1205 2509 misr
1229 2411 1305 2506 jam
1336 2432 1446 2509 prope
1471 2410 1687 2508 complicata

56 2531 194 2613 fuerint
230 2533 269 2611 dr
294 2528 480 2606 collocata.
555 2529 626 2632 Posi
653 2542 789 2628 arreptas
810 2536 953 2627 reliquias
981 2530 1058 2620 duo
1084 2528 1212 2605 iratres
1239 2531 1370 2630 quibus
1392 2531 1463 2606 hoc
1488 2531 1533 2607 ab
1554 2540 1689 2608 armario

54 2653 262 2753 injundium
278 2649 415 2739 'fuerin
439 2649 612 2726 letaniam
633 2674 701 2748 que
724 2651 800 2747 post
832 2652 986 2748 primam
1015 2649 1188 2727 recitatur
1217 2661 1312 2727 tonali
1330 2659 1581 2751 pronunciatione
1609 2676 1688 2751 pre·

59 2778 208 2861 cinuut,
262 2771 323 2848 sed
353 2784 495 2847 mutato
523 2771 603 2866 ejus
633 2770 829 2866 primordio
859 2771 946 2847 ircut
973 2770 1107 2866 semper
1135 2768 1211 2846 fieri
1244 2771 1330 2846 solet
1352 2772 1389 2847 in
1414 2771 1580 2847 letaniari
1607 2770 1689 2869 pro·

62 2896 226 2975 cellione.
273 2891 405 2987 Egrelli
426 2898 537 2967 iterum
563 2894 682 2964 baculos
703 2888 892 2987 recipiunt.
957 2888 1018 2966 Ad
1043 2888 1297 2966 monasterium
1321 2890 1448 2966 reuerfi
1476 2893 1604 2968 fratres
1625 2892 1689 2991 qui

66 3014 233 3116 reliquiar
255 3010 453 3090 ianitorum
483 3020 720 3108 portauerunt
745 3017 778 3084 in
804 3018 902 3086 nitore
930 3034 981 3084 eor
1006 3021 1178 3107 rrpmrntrr
1203 3030 1322 3105 genua
1354 3012 1513 3114 lleitunt.
1579 3012 1689 3086 Leta-

70 3136 127 3213 nir
146 3156 237 3214 vero
266 3138 302 3207 in
328 3142 449 3205 ionium
473 3137 692 3227 pronngotnr,
728 3143 770 3211 vt
793 3132 979 3233 postquam
1003 3140 1209 3206 conuentus
1235 3128 1269 3203 se
1295 3130 1331 3205 in
1357 3133 1467 3206 choro
1490 3130 1689 3207 collocane·
1829 3216 1833 3221 ,

73 3256 132 3345 rit,
154 3258 193 3336 ἃ
224 3248 584 3351 pullario-signorum
610 3251 810 3336 celiauerit.
839 3264 926 3328 tunc
954 3252 1110 3349 primum
1141 3274 1239 3346 agnus
1262 3254 1309 3325 dn·
1334 3250 1535 3348 incipiatur.
1596 3252 1692 3329 Post·

10 3436 24 3489 L
77 3398 177 3475 quam
201 3374 333 3450 fratres
357 3372 391 3446 se
415 3377 612 3447 colcirnerint
630 3373 799 3470 cymbalo
823 3356 979 3470 perculso
1000 3371 1047 3447 ad
1072 3370 1264 3464 restitantem
1285 3372 1434 3451 vadunt
1486 3372 1616 3452 Oblate
1631 3372 1691 3471 ⁴³⁶)

10 3492 13 3509 '
81 3494 123 3573 ili
141 3518 217 3573 non
244 3493 389 3570 dantur.
438 3490 583 3591 Vesperi
596 3509 656 3591 pro
676 3488 820 3588 fidelitas
844 3490 994 3583 defnniiir
1029 3502 1195 3587 aguntur.

762 3707 892 3784 DIE
941 3705 992 3783 ll.

167 3894 209 3973 Iu
236 3889 391 3969 secunda
418 3888 479 3966 die
503 3887 555 3964 nil
581 3897 745 3966 mutatur
767 3890 814 3965 de
832 3886 959 3986 prioris
986 3888 1059 3966 diei
1086 3891 1359 3978 obieruacione,
1389 3888 1414 3966 sr
1444 3894 1582 3969 tamen'
1598 3900 1696 3969 vtra-
1771 3902 1776 3911 '

94 4034 149 4113 me
168 4024 267 4093 caret
278 4014 454 4113 strnssrrnm
471 4010 659 4111 fesliniiole,
683 4010 946 4109 propterquod
969 4012 1084 4087 colina
1107 4022 1193 4086 ante
1212 4011 1386 4107 egrellum
1400 4009 1604 4089 monasterii
1627 4009 1698 4087 alia

73 4122 133 4227 ‚el
149 4156 256 4237 quam
279 4133 320 4209 in
341 4130 451 4233 priori
475 4130 546 4208 die.
596 4131 690 4208 ltem
714 4130 784 4207 hec
809 4140 972 4208 mutatur
997 4127 1035 4206 in
1060 4137 1155 4207 tercio
1176 4133 1234 4207 dir.

1624 4246 1700 4326 DE

127 4399 158 4481 t)
176 4398 270 4465 Hodie
289 4398 449 4482 capullum
469 4413 615 4462 voramus.

131 4522 174 4643 ”l¹
193 4564 237 4631 ffi
268 4532 345 4628 enirn
371 4580 464 4648 panes
489 4560 677 4651 eonardiffimi
703 4581 759 4649 pn·
789 4560 942 4630 celebriora
974 4570 1090 4628 ionium
1113 4520 1197 4652 fistal
1217 4558 1459 4651 dffpnrsabaniar
1487 4573 1520 4632 ni
1545 4584 1584 4631 err
1611 4563 1701 4629 Petro

168 4668 362 4754 aanor.
383 4668 479 4803 Eril·
498 4691 529 4739 1·
550 4672 667 4762 mnan
858 4698 862 4703 ·
956 4751 1005 4836 R,
