3742 5160
143 237 212 327 148
678 174 1169 321 eominus

19 382 22 387 ¹
116 430 317 511 ‘nemr
252 403 426 493 insuunt,
471 428 545 489 vna
577 427 663 482 cum
694 404 837 482 statutis
877 403 1074 481 aComite
1111 403 1265 482 iliberto
1301 404 1446 491 eredis,
1509 429 1532 481 a
1571 405 1766 510 Praeposrtr

86 589 100 611 Ι
141 550 226 603 curn
261 525 459 604 Canonicis
490 526 664 626 deinceps
704 525 959 615 obseruandis,
1012 548 1105 625 quae
1141 523 1273 604 statuta
1305 525 1440 625 pariter
1459 536 1555 623 innox
1590 527 1688 608 insra
1723 555 1766 610 re

141 647 395 724 censebuntur.

235 860 404 960 Denique
434 861 472 937 in
498 804 629 942 eodem
651 850 931 943 ‘commisionis
952 864 1101 962 negotio
1131 867 1168 943 dr
1193 861 1289 939 aaa
1312 861 1480 958 procedit
1508 828 1636 941 aibas
1664 866 1766 945 etian

10 976 41 1011 ''
140 982 187 1060 ad
209 978 435 1058 dotationem
456 1005 576 1058 nouae
597 982 880 1081 praepositurae,
917 1010 981 1086 pro
1007 1010 1078 1087 qua
1098 997 1239 1080 praeter
1259 980 1496 1057 donationem
1520 981 1627 1079 ipsius
1650 984 1766 1065 Eccle

87 1190 89 1194 ¹
139 1101 210 1178 liae
240 1103 277 1177 in
296 1102 615 1189 Bettenbrunnen,
646 1102 799 1203 ejusque
822 1103 1023 1195 noenum,
1053 1107 1236 1183 redituum
1257 1102 1448 1199 &jurium
1470 1112 1539 1177 etc.
1564 1103 1678 1185 etiarn
1700 1129 1766 1206 par

139 1221 354 1301 liberalitate
380 1224 553 1298 donatam
574 1222 620 1298 ab
648 1224 801 1300 Alberto
822 1224 1021 1302 Ecclesram
1042 1223 1324 1327 parochialem
1313 1245 1352 1299 ιιι
1391 1218 1614 1322 Teggcalransen
1638 1225 1766 1308 Anao

22 1350 26 1359 “
138 1343 248 1422 ritate
274 1339 481 1438 Apostolica
510 1340 776 1440 Praepofiturae
805 1347 950 1423 nouiter
979 1351 1118 1426 erectae
1148 1342 1409 1445 incorporauit,
1443 1343 1497 1418 ita
1528 1345 1704 1457 quidem,
1738 1368 1766 1426 u

138 1486 204 1562 per
229 1460 459 1541 Canonicum
484 1470 548 1536 aut
569 1460 682 1539 aliurn
702 1463 962 1562 Presbyterum
988 1468 1163 1546 idoneum
1195 1468 1242 1543 ad
1266 1473 1399 1539 nutum
1422 1462 1615 1561 Praepositi
1642 1469 1682 1545 dr
1704 1467 1766 1544 Ca·

138 1582 242 1683 pituli
269 1583 480 1680 ponendum
512 1582 569 1661 vel
605 1585 852 1663 amouendurn
886 1587 989 1684 pollrt
1016 1578 1209 1685 gubernari
1235 1591 1334 1684 (qua
1367 1583 1415 1658 de
1448 1607 1488 1659 re
1515 1584 1686 1680 speciales
1714 1612 1766 1663 ex-

138 1705 234 1783 stant
259 1704 385 1780 literae
414 1700 475 1778 luo
504 1701 588 1777 loco
619 1701 855 1806 afferendae)
895 1729 1041 1785 annexu
1070 1722 1193 1786 tamen
1225 1731 1353 1790 onere,
1396 1714 1439 1781 vt
1472 1703 1706 1805 Praepositus
1738 1712 1766 1791 d

139 1823 316 1903 Canonici
352 1821 489 1899 intuitu
516 1802 615 1897 illius
637 1823 815 1904 Ecclesiae
842 1825 1021 1930 Jarar
958 1830 1021 1928 Ep
1012 1831 1151 1929 scapulae
1181 1828 1338 1913 sulcant,
1386 1825 1531 1926 aliaque
1557 1844 1675 1943 mera
1699 1828 1766 1930 sup

138 1956 295 2048 portent.

77 2184 84 2201 ³
232 2162 389 2242 Acceffrt
415 2160 558 2265 insuper
589 2161 750 2240 Donatio
789 2164 970 2300 quaedam
1011 2165 1103 2243 falla
1139 2165 1261 2244 eidem
1296 2138 1574 2260 collegiataea
1612 2166 1766 2246 nomin<

137 2282 308 2361 Vdalrico
336 2283 516 2361 Edelman
548 2306 634 2360 curu
657 2285 762 2363 bonis
792 2284 960 2362 annexis.
1027 2288 1110 2364 Post
1138 2288 1231 2363 haec
1254 2284 1437 2385 praefatos
1462 2284 1711 2383 Praepodtum
1736 2292 1766 2401 d

136 2404 345 2481 Canonicos
369 2403 494 2481 llbbas
515 2402 674 2502 loannes
699 2405 834 2481 solenni
858 2405 931 2481 ritu
955 2407 1128 2497 instituit,
1167 2405 1371 2495 inuestiuit,
1410 2409 1448 2484 dr
1474 2405 1749 2484 confirmauit
1736 2396 1766 2484 ιι

137 2525 231 2605 dista
256 2524 390 2601 Eccles
381 2549 433 2610 a
459 2525 685 2603 Austoritate
708 2525 916 2623 Apostolica
940 2525 1002 2602 srbi
1029 2529 1205 2647 delegatp.
1264 2528 1366 2621 Quae
1392 2526 1515 2602 omnia
1543 2529 1590 2604 ad
1620 2488 1766 2608 rnar'rda

50 2658 53 2663 ’
135 2658 217 2722 tum
250 2645 358 2746 ipsius
392 2669 456 2743 per
484 2645 674 2724 Notarium
699 2647 1041 2751 Metropolitanum,
1086 2650 1235 2725 Petrum
1266 2645 1498 2742 Engellhardi
1533 2649 1580 2723 ad
1609 2648 1708 2728 aaa
1736 2654 1766 2731 dr

135 2767 292 2847 sormam
311 2768 489 2866 publicam
515 2767 797 2856 redaslaluere,
821 2766 1027 2866 subscripta,
1051 2773 1185 2869 suoque
1213 2768 1426 2846 &Comitis
1446 2766 1557 2864 sgrllo
1577 2768 1741 2915 munita.

79 2966 86 2975 ⁸
230 2983 511 3062 lustramentum
532 2980 829 3061 confirmationis
852 2981 962 3081 hujus
988 2984 1169 3063 Ecclesrae
1192 2984 1417 3081 Collegiatae
1438 2982 1622 3113 praedittp
1645 2985 1766 3064 omnia

135 3103 349 3194 continens,
377 3104 415 3182 in
451 3104 614 3201 originali
655 3103 824 3179 exstat
813 3126 851 3179 ιιι
889 3104 1068 3200 Archiuio
1106 3102 1370 3202 Weingartenli
1406 3104 1516 3199 sigillo
1544 3128 1621 3189 vno
1655 3096 1766 3200 (alte-

134 3247 216 3301 rum
250 3224 296 3300 ob
317 3225 532 3302 vetustatem
559 3224 696 3322 periit)
739 3246 844 3335 cereo
875 3250 897 3300 e
926 3224 988 3300 filo
1023 3226 1134 3301 serico
1170 3218 1401 3322 dependente
1422 3225 1631 3325 munitumz
1675 3226 1766 3307 inte

134 3346 227 3425 aaa
249 3344 526 3424 Bettenbrunu:
562 3343 624 3423 sub
649 3344 760 3422 Num.
778 3367 814 3426 ι.
886 3343 981 3421 Heic
1003 3369 1087 3428 vero
1112 3348 1315 3424 annectitur
1343 3343 1459 3443 Copia
1487 3366 1573 3422 cum
1600 3344 1766 3447 originali

135 3466 281 3546 collata.

227 3681 447 3762 Reuerendo
482 3680 520 3756 in
546 3677 688 3758 Chrillo
719 3681 819 3760 Patri
860 3685 900 3763 dr
932 3680 1017 3759 Dno
1042 3680 1127 3757 lino
1146 3677 1346 3779 Episcopo,
1377 3704 1448 3759 nec
1469 3706 1546 3759 non
1566 3682 1766 3763 venerabi

131 3806 228 3884 libus
248 3806 368 3890 Viris,
391 3800 560 3879 Dominis
580 3801 803 3899 Praepofito‚
827 3803 976 3879 Decano
1001 3801 1040 3878 δι
1064 3800 1233 3898 Capitulo
1254 3800 1437 3879 Ecetenae
1463 3792 1766 3888 constantiense

132 3925 379 4023 vniuerfisqne
417 3919 629 4018 &dapalis
655 3920 787 4001 Christi
810 3922 1017 4010 fidelibus,
1060 3921 1248 4019 utriusque
1272 3922 1398 4001 sexus
1433 3922 1472 4000 dr
1494 3921 1735 4022 specialiter
1722 3924 1766 4000 ria

66 4147 68 4156 Ι
131 4069 287 4150 quorum
319 4042 465 4121 interest
496 4041 556 4121 vel
584 4040 749 4119 intererit
783 4044 819 4118 iu
850 4043 1038 4130 futurum,
1084 4039 1227 4180 Joanper
1257 4044 1385 4118 Diuirra
1421 4042 1478 4117 M
1466 4042 1626 4140 serotmu
1655 4043 1766 4141 Atlas

133 4167 355 4259 maerstem
342 4191 377 4240 ιιι
404 4165 602 4256 Wo'ngarten
627 4159 776 4237 Ordinis
792 4163 915 4240 Sanlli
935 4161 1122 4241 Benedidli
1138 4148 1418 4238 Constantienfis
1440 4162 1629 4239 Dioecelis
1654 4164 1766 4244 com·

132 4288 310 4367 millarius
335 4285 381 4360 ad
413 4283 507 4361 intra
533 4279 663 4377 scripta
684 4304 751 4379 per
770 4283 978 4384 subscriptas
1001 4281 1226 4381 Apostolicas
1253 4282 1397 4359 Literas
1424 4282 1645 4382 specialiter,
1682 4310 1766 4387 pro·

12 4458 15 4463 -
130 4411 207 4505 prio
231 4424 359 4491 tamen
384 4404 502 4480 nostro
527 4401 679 4478 nomine
710 4426 784 4480 non
812 4404 994 4503 expresso,
1035 4404 1230 4500 deputatus
1263 4402 1522 4480 Ordinationes
1546 4406 1692 4484 vtinam
1723 4406 1766 4482 in

24 4622 29 4635 ,
130 4530 270 4607 Chrillo
295 4531 470 4612 denotas,
493 4523 532 4602 δι
557 4521 597 4600 in
622 4524 774 4612 eodem,
797 4526 861 4624 qui
886 4525 980 4602 salus
1007 4522 1188 4612 elireto,
1216 4523 1387 4612 salutem,
1423 4545 1507 4602 cum
1529 4536 1673 4603 attenta
1698 4547 1766 4600 no·

128 4653 212 4732 titia
235 4646 525 4749 absorptorum.
645 4678 649 4685 ¹

1561 4828 1567 4839 ,
1616 4738 1766 4826 litent
