3736 5160
138 288 212 374 84⁸
739 272 1161 368 *mot

234 456 349 532 Auno
386 464 491 546 1625.
516 451 662 529 'iteruin
691 452 742 529 ad
772 451 958 529 Couclaue
972 452 1143 531 ·Abbatis
1166 452 1275 533 nostri
1300 455 1557 537 deserebantur
1576 448 1765 552 Litterae,

138 578 186 654 ab
217 575 360 651 Abbate
389 572 542 674 Fuldrrrst
572 572 774 660 quomedo
811 572 953 648 calaum
984 573 1238 653 humanissimo
1268 576 1309 651 in
1339 576 1438 653 hunc
1466 577 1582 657 sume
1615 586 1769 665 modurn

136 704 330 769 exaratae:
365 688 522 797 oJ'ouimrs
544 690 741 767 Beruurdus
761 660 831 766 Drr'
852 692 892 769 dr
920 688 1148 789 Apostolicae
1179 694 1273 770 sedis
1298 697 1414 791 gratia
1437 694 1563 777 Amic
1585 698 1767 781 Ecclesiae

135 811 323 911 Fuldriifis,
362 811 474 887 Dirrur
492 811 663 913 Augustae
687 807 1029 901 Arclricurce'llurr‘as,
1059 836 1121 913 prr
1145 811 1359 892 Gemanica
1381 812 1425 895 Θ
1447 814 1594 895 Gadium
1615 818 1764 912 l'lr'mar,

134 928 213 1015 Suc.
238 928 334 1007 Rom.
359 929 439 1029 Imp.
462 928 621 1029 Princeps
641 942 702 1006 etc.
1056 988 1059 993 -

142 1106 148 1117 '
230 1108 394 1189 Salutem
416 1112 453 1189 dr
470 1107 688 1191 Amicitiam
708 1105 886 1200 nostran,
907 1106 1157 1191 Reuerende
1143 1133 1184 1191 ru
1208 1108 1352 1191 Christo
1380 1112 1507 1205 Pater,
1535 1114 1675 1196 Amice
1699 1114 1766 1249 fin·

132 1250 216 1309 uere
235 1230 341 1309 nobis
366 1230 508 1309 diletis.

137 1408 511 1487 ·.·Reuerenuer
526 1408 573 1487 V.
593 1405 786 1485 innotuid‘e
803 1409 1019 1509 neutiquam
1048 1410 1277 1497 dubitamus,
1303 1432 1417 1511 quam
1446 1412 1655 1511 praeclaros
1674 1413 1764 1495 ollis

130 1450 265 1607 smtlus
285 1528 444 1605 Ecclesia
464 1528 559 1607 naec
579 1526 769 1627 Fuldrnsts,
794 1527 934 1605 uostme
954 1530 1066 1606 modo
1093 1530 1214 1607 Curae
1234 1532 1437 1617 commissa,
1464 1534 1652 1632 -quaindiu
1671 1558 1698 1611 a
1718 1536 1763 1612 l).

129 1650 250 1726 Patris
275 1648 383 1725 nollri
399 1648 600 1727 Benedidto
621 1645 847 1723 Sanitiffimo
868 1646 1032 1724 instituto
1059 1648 1127 1725 sest
1152 1650 1333 1727 dimoueri
1361 1649 1463 1747 passu·
1479 1666 1555 1729 nou
1583 1652 1656 1743 eri,
1671 1638 1764 1735 'tum

128 1768 226 1847 sacro
247 1766 335 1846 huic
363 1768 508 1856 ordini,
531 1764 747 1844 tumetium
770 1764 957 1843 uniuersae
988 1766 1167 1843 Ecclesiae
1196 1768 1409 1847 Catholicae
1433 1771 1655 1871 protuleritr
1693 1778 1764 1855 Ve-

127 1900 334 1967 rumtamen
362 1892 427 1988 prd
449 1888 553 1966 dolor
576 1884 710 1962 accidit
730 1897 937 1983 tcmponrui
961 1908 1005 1961 aa
1023 1886 1217 1965 haereseon
1237 1886 1368 1985 injuria
1387 1888 1440 1966 ita
1457 1890 1636 1990 paulatim
1653 1892 1763 1971 liber·

126 2008 215 2085 tatis
239 2007 364 2085 froena
385 2007 536 2093 Laxari,
561 2007 726 2105 adeoque
741 2027 827 2082 cum
851 2005 955 2082 tellis
974 2027 1016 2081 ac
1038 2006 1214 2083 aediliciis
1234 2006 1758 2113 disciplinamtpuoqueruona·

126 2128 251 2204 sticain
274 2126 419 2216 collabi,
452 2138 493 2205 vt
510 2128 642 2221 exigua
670 2125 805 2201 veteris
824 2123 978 2201 instituti
1004 2125 1151 2222 vestigia
1179 2126 1240 2202 hic
1264 2127 1333 2201 loci
1361 2127 1535 2227 superesse
1556 2130 1764 2211 videauttu.

125 2246 235 2328 Vnde
257 2270 342 2323 cum
365 2244 517 2341 iujuntti
542 2245 649 2323 uobis
669 2242 779 2319 officii
802 2243 897 2320 ratio
918 2242 1070 2320 omuino
1096 2247 1277 2342 exigeret,
1296 2245 1383 2321 huic
1406 2248 1659 2348 adpraesens
1685 2254 1763 2330 ani·

124 2388 269 2445 auarum
291 2364 491 2464 periculum
511 2364 656 2460 lougius
682 2361 843 2459 gliscenti
864 2362 962 2439 malo
994 2364 1159 2442 debitum
1185 2364 1312 2441 afferre
1343 2368 1567 2455 remedium,
1602 2394 1760 2471 eumque

122 2486 164 2563 in
191 2484 304 2561 finem
326 2506 402 2559 non
424 2482 537 2560 solum
557 2480 680 2579 paliim
706 2481 875 2559 diuinum
903 2482 1043 2559 cultum
1075 2486 1199 2562 modia
1226 2484 1396 2562 omnibus
1423 2509 1663 2584 pmrriouere,
1702 2494 1760 2571 sed

122 2606 237 2683 etiarn
269 2604 373 2701 saepe
397 2602 536 2680 ditium
566 2599 771 2679 Institutunr
799 2602 846 2677 D.
874 2601 997 2679 llatrir
1036 2604 1246 2690 Benedisll,
1301 2605 1398 2701 quod
1433 2604 1573 2701 proselli
1613 2612 1757 2699 suiuus,

124 2724 331 2827 praesertim
361 2723 401 2800 in
425 2720 555 2818 majori
577 2720 728 2823 Bcfilicu
750 2721 926 2803 Ciuitatis
947 2722 1087 2799 nostrae
1110 2722 1295 2801 Fuldenus
1316 2722 1421 2819 iuxta
1445 2734 1617 2805 nonum
1643 2732 1690 2808 ab
1714 2754 1758 2807 eo

121 2845 374 2948 praescriptam
398 2844 521 2919 denuo
543 2840 763 2919 restauraret
801 2853 908 2940 prout
935 2841 973 2917 id
1000 2841 1114 2940 ipsun
1138 2865 1170 2917 ·a
1192 2840 1288 2919 sacra
1312 2842 1504 2947 Apostolicir
1527 2844 1611 2946 sede
1632 2846 1759 2927 Roma·

122 2994 188 3059 cir,
221 2967 276 3046 vti
294 2967 333 3044 dr
357 2986 380 3039 a
409 2961 571 3061 Carfinia
597 2962 774 3063 Majesiirtr
798 2960 998 3062 specialiter
1019 2958 1125 3039 nobis
1154 2960 1356 3058 injundtuur
1377 2962 1474 3047 suits
1504 2964 1596 3041 ldeo
1615 2968 1665 3045 de
1679 2990 1757 3067 per·

121 3084 222 3164 sonis·
244 3084 293 3163 ad
314 3082 572 3161 instituendam
592 3082 777 3178 ejusmodi
798 3080 1108 3159 Reformatiouem
1126 3081 1269 3159 idoneis
1281 3080 1546 3179 prouidendum
1567 3086 1757 3167 duximus.

123 3204 220 3293 Quia
239 3226 326 3285 reru
343 3204 442 3280 sama
462 3202 511 3278 ad
531 3224 601 3277 nos
620 3200 784 3278 delatum
812 3200 864 3278 eu
883 3224 970 3299 prae
992 3200 1147 3279 caeteris
1168 3200 1208 3277 ln
1236 3200 1456 3280 Mouasterio
1482 3204 1525 3280 tt.
1549 3206 1755 3285 Pateruita·

121 3326 175 3403 tia
199 3324 334 3404 vestrae
352 3320 521 3419 regimini
541 3320 727 3397 commiso
746 3320 945 3417 regularem
973 3322 1236 3401 obseruandum
1261 3342 1307 3395 ac
1329 3320 1571 3429 'monadicam
1602 3326 1756 3425 discipli*

120 3438 209 3529 na'rn
231 3466 305 3520 non
331 3464 461 3541 pamm
488 3439 731 3527 efflorescere,
760 3440 1006 3539 plurimosque
1038 3440 1202 3539 reperiri,
1233 3440 1298 3541 qui
1325 3441 1407 3517 eliis
1436 3438 1543 3537 juxta
1569 3444 1613 3521 S.
1637 3446 1754 3525 Bene·

120 3564 210 3644 aiiii
235 3561 362 3641 diuina
391 3557 556 3637 Instituta
580 3560 751 3636 laudabili
784 3563 961 3660 Exemplo
991 3563 1149 3661 praeire,
1177 3584 1314 3659 eosque
1342 3564 1389 3637 ad
1411 3561 1589 3658 iustitiam
1613 3566 1752 3643 erudire

120 3686 293 3767 valeant:
319 3680 457 3759 Idcirco
483 3680 527 3755 R.
554 3680 815 3757 paternitatem
836 3680 880 3759 V.
904 3680 957 3757 ita
977 3682 1146 3779 exigente
1170 3679 1350 3757 Ecclesiae
1370 3680 1509 3783 noilrae
1532 3682 1656 3774 statu,
1674 3686 1745 3785 pio·

120 3824 210 3906 que,
237 3824 311 3903 quo
332 3812 503 3879 tenemur
528 3798 728 3899 proposito,
761 3820 826 3905 per
854 3798 1059 3897 praesentes
1089 3798 1538 3898 interpellare-volumus,
1598 3804 1744 3882 eandem

117 3926 276 4023 benigne
296 3925 334 4002 dr
366 3920 483 3998 amice
515 3929 711 4016 rogantes,
751 3917 805 3995 vti
834 3942 881 3994 ex
909 3920 1125 3996 venerabilis
1154 3921 1237 3995 suae
1266 3917 1570 4017 congregationis
1599 3946 1748 4005 numeru

118 4048 280 4149 quinque
310 4050 374 4119 aut
401 4039 463 4115 sex
489 4039 656 4139 personas
675 4038 863 4136 Spetlatae
890 4036 1054 4125 virtutis,
1067 4060 1109 4113 ac
1137 4038 1354 4136 probitatisc
1391 4051 1500 4140 atque
1537 4042 1642 4123 inter
1663 4070 1748 4129 eos,

118 4166 240 4268 quoad
257 4159 493 4271 fieriputesl,
515 4158 658 4257 aliquos
675 4179 723 4233 ex
754 4159 890 4255 antiqua
920 4154 963 4233 ts
987 4156 1091 4235 nobili
1113 4158 1254 4256 sumisi'a
1279 4164 1488 4259 progenitor,
1513 4161 1579 4260 qui
1601 4162 1748 4262 'generis

118 4284 171 4367 lui
190 4280 429 4361 Nobilitatem
453 4279 555 4372 iuxta
574 4300 715 4353 morem
738 4276 776 4351 in
804 4274 972 4352 Eccleliis
991 4278 1270 4355 Cathedralibus
1289 4288 1475 4374 receptum
1491 4282 1540 4357 ad
1558 4294 1581 4366 8
1605 4296 1673 4361 aut
1695 4286 1745 4360 ri.

113 4402 244 4509 gradio
261 4400 373 4478 ducere
387 4394 515 4501 goffert
524 4428 537 4481 ,-
562 4396 726 4496 inprimis
737 4405 861 4473 autern
879 4394 920 4473 F.
931 4394 1104 4501 eJoiarmrm
1120 4395 1284 4474 Simorum
1297 4397 1744 4495 uBodrnnaoOEodmaun)

117 4521 215 4623 (qui
238 4518 345 4599 nobis
370 4518 497 4597 miultis
530 4517 740 4598 nominibus
780 4515 1002 4613 singulariter
1035 4516 1316 4593 commendatus
1352 4514 1458 4617 suit)
1493 4520 1741 4621 aliquantimt

115 4644 167 4723 ad
186 4662 257 4719 nos
276 4640 349 4721 huc
372 4638 549 4719 destinare
570 4660 647 4718 uun
671 4636 906 4737 dedignetur,
935 4636 1001 4741 qui
1028 4636 1249 4741 propofitum
1273 4634 1434 4717 nostrum
1467 4658 1539 4737 ope
1570 4640 1613 4721 dr
1641 4656 1738 4739 opera

1670 4758 1732 4845 sm.
