3736 5160
197 409 219 452 ,.
229 352 369 431 Mariae
399 348 581 447 Signatus.
630 346 710 451 Ego
738 346 799 426 Fr.
821 346 979 455 Jounnrr
1000 346 1259 451 Cirpstopsrorur
1282 359 1523 445 cognomento
1553 348 1701 431 Ruitner

196 476 307 561 „Deo
331 472 470 570 optimo
494 469 656 545 maximo
680 468 716 543 in
741 468 1126 544 commemorationem
1149 468 1300 565 Septem
1324 468 1537 563 gaudiorum
1561 472 1724 567 ejusden

197 592 390 683 „lesbium
422 588 688 689 ac.suppliciter
719 599 824 683 peto,
862 597 903 663 vt
935 610 1000 683 per
1031 586 1317 683 intercessorem
1348 587 1427 681 ejus
1460 614 1520 664 me
1548 590 1724 687 indiguisti

198 712 461 803 „Peccatorem
492 732 578 785 cum
614 704 784 783 omnibus
816 705 1009 784 commissis
1043 706 1136 785 meis
1165 718 1206 781 tu
1233 706 1391 781 Domino
1422 706 1556 803 semper
1583 712 1628 784 ab
1659 732 1724 789 om

199 829 406 932 ‚,peccatis,
433 828 552 925 peste,
581 823 764 901 subitanea
790 828 826 903 dc
850 824 1040 923 improvisa
1061 838 1196 909 morte,
1233 822 1381 923 paralisy
1408 824 1446 901 dr
1466 826 1635 903 omnibus
1661 828 1724 905 aiii

199 950 353 1041 „riculis
383 947 543 1045 corporis
574 944 612 1022 dr
639 944 785 1021 animae
804 944 992 1021 custodias.
1056 944 1138 1022 Ach
1165 954 1205 1021 vt
1243 968 1316 1019 non
1361 944 1528 1042 inspicias
1563 972 1646 1023 mea
1682 973 1724 1044 pc

199 1070 426 1169 „gravisbma
458 1066 497 1142 dt
524 1062 815 1149 innumerabilia,
842 1061 901 1139 sed
922 1062 1111 1165 piissimam
1135 1074 1235 1139 tuam
1256 1062 1533 1142 misericordiam
1555 1070 1592 1145 dc
1615 1069 1725 1145 interr

200 1214 318 1281 „nem
347 1186 573 1267 santiiffimae
600 1180 730 1260 Matris
754 1192 839 1257 tuae
866 1181 1023 1270 Mariae,
1047 1184 1086 1261 dr
1114 1184 1180 1259 des
1209 1180 1301 1256 mibi
1326 1180 1526 1277 longiorem
1557 1184 1692 1272 vitam,

198 1308 380 1410 „quidem
407 1305 560 1383 meritus
587 1303 683 1387 sum,
723 1300 763 1379 dr
792 1298 941 1398 spaiium
968 1324 1074 1379 verae
1101 1300 1362 1399 poenitentiae,
1397 1300 1435 1377 dr
1465 1302 1641 1396 gratiam,
1677 1321 1720 1384 vt

200 1487 221 1520 „
231 1429 355 1505 omnia
382 1426 475 1502 bene
498 1427 537 1501 br
562 1420 738 1531 soeiiciter
770 1418 972 1497 succedant.
1036 1420 1119 1497 sich
1143 1434 1182 1495 vt
1209 1418 1354 1517 posthac
1377 1419 1477 1494 nullo
1499 1437 1651 1518 peccato
1678 1450 1725 1503 an

201 1570 388 1648 „peccem
438 1542 521 1621 Non
551 1562 661 1626 mea,
687 1536 757 1613 ach
780 1534 840 1614 sed
868 1550 933 1616 tua
966 1538 1173 1619 sanstiffirna
1194 1540 1265 1639 fiat
1304 1536 1484 1617 voluntas!
1527 1538 1619 1621 Inde
1646 1544 1719 1625 viri

199 1668 392 1769 ‚,gionem,
418 1664 456 1744 dr
481 1660 570 1761 quid
594 1652 779 1756 amplius?
828 1698 877 1716 -
924 1700 976 1717 -
1012 1656 1135 1737 metiri
1163 1671 1280 1759 potes.

465 1918 1566 2041 caunu1usuaoaaru

756 2078 1246 2181 anaasrrxxn

296 2274 452 2361 Maximi
480 2274 542 2353 hic
566 2271 739 2353 Nominis
776 2272 831 2353 vir
859 2272 967 2353 annis
995 2288 1100 2371 1553.
1130 2300 1189 2353 20.
1223 2272 1348 2351 Martii
1384 2270 1587 2376 Brigantiae
1628 2276 1677 2354 ad
1715 2276 1726 2355 l

200 2386 447 2480 potamicum,
487 2392 548 2469 seu
582 2392 711 2469 aioco
739 2392 851 2470 etiam
885 2392 1139 2489 Brigantinum
1169 2392 1314 2481 dicum,
1355 2394 1460 2468 Patre
1494 2392 1719 2499 Issosffgorrgo

199 2524 290 2624 gasin
319 2514 536 2595 Serenisiimi
575 2511 797 2613 Arcbiducis
838 2510 1029 2589 Ditionum
1060 2512 1296 2609 Brigantinae
1332 2512 1369 2589 dc
1404 2513 1694 2611 Hohenegianae

201 2658 298 2728 tore,
323 2640 442 2715 Matre
456 2636 615 2712 Barbara
638 2631 831 2707 natusest.
879 2632 919 2707 S.
937 2632 974 2705 P.
997 2631 1188 2710 Beneoitti
1209 2632 1385 2729 Regulam
1404 2656 1520 2711 annos
1543 2660 1724 2733 157313.

201 2763 240 2837 in
278 2757 404 2839 Vineis
440 2749 630 2852 proseffus,
677 2752 722 2827 ab
724 2749 869 2838 oiutis
905 2750 1109 2849 1111111311,
1146 2774 1219 2851 quo
1256 2776 1353 2827 anno
1395 2754 1657 2887 1535111111
1693 2756 1726 2835 st

201 2878 344 2962 studiis,
369 2898 465 2951 anno
492 2884 595 2965 1581
622 2870 733 2947 Sacro
763 2870 1040 2966 presbiteratus
1069 2870 1197 2948 ordine
1218 2869 1401 2959 initiatur,
1425 2870 1550 2969 primis
1571 2874 1608 2948 in
1631 2876 1727 2955 Patri

203 3026 236 3099 5.
264 2992 482 3076 Nouembris
502 2989 608 3066 sacris
632 2999 811 3087 operatus
861 2988 974 3066 Anno
994 3010 1084 3065 mox
1108 2988 1308 3089 insequenti
1338 3002 1441 3084 1582.
1501 2989 1627 3091 Subpir
1618 3021 1686 3081 ·,or

201 3134 281 3198 tero
304 3116 405 3193 Prior
427 3138 449 3188 a
470 3108 611 3217 joanne
639 3106 867 3211 Cirrisiopsroro
888 3090 1117 3205 exigentibus
1137 3110 1279 3187 meritis
1308 3110 1521 3187 constitutus
1543 3111 1603 3189 esi.
1660 3036 1727 3193 Tri

203 3240 267 3320 vix
291 3233 394 3313 hoc'
383 3254 421 3309 rn
449 3233 603 3309 Munere
624 3226 823 3323 completo,
854 3226 956 3305 missa
988 3227 1033 3302 ab
1055 3228 1286 3305 Anteceffore
1315 3228 1368 3305 rei
1398 3230 1584 3306 familiaris
1620 3256 1713 3311 cura

208 3367 314 3454 1586·
340 3378 396 3448 23.
424 3347 584 3451 Januurii
610 3344 809 3423 Communi
831 3344 993 3443 suffragio
1023 3344 1312 3449 Adminiflrotoris
1337 3349 1495 3425 officium
1524 3351 1637 3427 subire
1665 3354 1727 3450 jub

205 3473 390 3573 adipsum
417 3469 574 3567 denique
602 3464 782 3543 Abbatiae
816 3464 970 3543 Clauum
999 3491 1056 3543 ro.
1085 3466 1299 3543 nouembris
1333 3467 1498 3563 ejusdem
1526 3470 1613 3545 auni
1648 3476 1727 3553 adn

203 3593 346 3677 Meritis
368 3588 541 3672 tandem,
579 3584 618 3662 dr
651 3584 757 3659 annis
793 3585 914 3681 3111111
950 3607 1045 3660 onus
1080 3584 1274 3661 Abbatiaie
1309 3586 1422 3664 libera
1457 3587 1700 3683 resignatione

208 3725 312 3812 1627·
345 3736 377 3812 7.
398 3704 551 3805 Augusti
586 3701 768 3801 deposuit,
799 3726 885 3779 eum
912 3713 1049 3789 morte.
1083 3724 1193 3803 quarn
1217 3707 1348 3781 eodem
1371 3728 1467 3780 anno
1499 3731 1553 3781 1ο.
1578 3708 1726 3789 Octobri

204 3838 302 3915 niam
327 3826 473 3915 habuit,
501 3822 705 3923 expeditior
734 3820 944 3900 lassaturus.
1006 3822 1175 3899 Mortuus
1194 3821 1245 3898 est
1267 3823 1377 3920 igitur
1403 3826 1528 3902 Abbas
1546 3829 1667 3903 Morte
1682 3832 1728 3909 Sa

202 3980 303 4042 rum,
328 3950 511 4052 postquam
533 3942 622 4020 totis
649 3940 887 4041 quadraginta
916 3942 954 4022 dr
979 3964 1050 4019 vno
1075 3942 1182 4017 annis
1208 3946 1346 4021 summa
1371 3942 1577 4039 vigilantia,
1600 3949 1728 4028 dexter

205 4082 243 4159 ά
277 4070 472 4154 commodo
500 4088 560 4141 res
584 4060 791 4144 Monasierii
813 4058 981 4149 curasset,
1007 4063 1044 4140 dr
1062 4061 1211 4138 ordinis.
1259 4064 1317 4137 Ex
1341 4062 1566 4163 scriptoribus
1589 4070 1728 4145 coaeuir

203 4200 324 4278 Nemo
352 4190 433 4287 ejus
473 4184 569 4281 geisa
598 4180 815 4279 compendio
848 4180 1086 4281 complexus.
1125 4181 1305 4260 calamum
1330 4184 1369 4259 in
1398 4178 1491 4260 baec
1519 4185 1676 4277 deducit,
1698 4215 1728 4271 s·

42 4340 48 4347 ·
203 4306 528 4395 Reuerendisfimus
563 4299 745 4381 Dominus
780 4297 959 4396 Georgius
984 4298 1153 4398 Wegeiin
1175 4300 1412 4400 Brigantinus
1441 4326 1523 4380 raro
1546 4304 1728 4404 Exemplo

205 4430 356 4515 nasterio
392 4424 510 4505 nostro
539 4422 632 4503 vitra
660 4418 898 4520 quadraginta
924 4421 1056 4499 Annos
1082 4418 1221 4498 summa
1254 4443 1339 4499 curn
1373 4422 1503 4511 laude,
1537 4421 1728 4503 utilitate:

204 4549 400 4637 substitutis
427 4542 599 4645 opinione
620 4538 788 4665 putuit.
832 4538 918 4620 Non
941 4541 1053 4620 modo
1082 4538 1175 4618 aeris
1206 4538 1317 4618 alieni
1345 4542 1392 4621 ab
1419 4542 1714 4625 Antecessoribus
