3736 5160
117 148 265 303 ,fiae
456 290 459 295 .
544 172 552 195 “
793 198 1215 293 ewremo-

309 394 313 399 ·
394 362 404 469 ζ’
793 379 885 455 nn
935 377 1023 453 ιιι.
1075 374 1218 453 orn.

249 529 251 533 ’
283 562 335 584 -
383 558 434 582 -
485 562 536 627 ·.·
584 520 680 608 Quia
702 524 799 616 major
822 520 910 621 miffa
944 519 1020 617 post
1043 519 1298 618 proceffionein
1321 515 1509 611 uciesroiliro
1538 539 1621 591 moro
1644 514 1696 591 est
1719 515 1830 593 diffea

188 647 323 735 reoda,
373 644 458 721 ideo
500 645 630 721 eadem
655 642 823 741 proceisro
853 667 913 716 riou
942 646 1026 737 irrigo
1055 639 1106 716 est
1128 637 1315 714 facienda:
1360 636 1419 711 sed
1433 716 1436 722 ,
1451 635 1706 713 monasterium
1744 649 1830 714 tan·

194 752 388 844 tummodd
403 763 591 849 circuitur,
619 762 754 861 sibique
770 761 1006 849 adherencia,
1028 762 1160 837 eodem
1178 760 1289 834 modo
1306 755 1395 832 srcut
1411 758 1448 836 dr
1462 757 1500 832 in
1519 756 1628 858 priori
1645 758 1706 833 die
1725 756 1779 854 (ἓ).

285 979 383 1057 Cum
404 992 532 1057 autern
559 979 596 1054 in
623 977 744 1056 reditu
768 984 849 1053 cirin
872 977 1045 1069 monasterii
1067 977 1341 1074 propinquatur,
1374 973 1511 1050 letania
1535 996 1608 1074 que
1630 973 1722 1050 infra
1745 997 1831 1050 mo·

190 1101 384 1179 nasterium
423 1101 469 1199 ad
504 1098 725 1199 aliquociens
749 1099 1004 1196 proceffionem
1040 1097 1127 1173 solet
1157 1095 1295 1171 cantari
1318 1092 1521 1172 inchoatur.
1591 1094 1674 1173 Hoc
1699 1110 1828 1171 tamen

191 1220 272 1320 ejus
302 1221 457 1298 inicium
485 1222 594 1299 debet
620 1217 820 1317 prouideri,
862 1231 903 1296 rt
930 1217 1083 1294 ministri
1109 1217 1232 1293 altaris
1251 1214 1409 1313 spacium
1435 1216 1595 1293 habeant
1614 1219 1651 1312 se
1674 1220 1827 1290 calciandi

145 1439 147 1443 ,
190 1343 234 1430 δ’
259 1340 444 1435 rrurfiindi.
494 1322 649 1415 Puliatio
677 1338 855 1434 signorum
887 1336 976 1415 licut
1002 1339 1041 1415 in
1071 1336 1248 1436 prioribus
1275 1336 1403 1413 diebus
1430 1361 1505 1413 non
1537 1336 1735 1433 protelatur
1766 1335 1828 1411 sed

141 1512 145 1519 -
179 1440 300 1560 'prout
318 1459 568 1558 competentia
588 1459 753 1536 docuerit
779 1469 1021 1556 temperatur,
1047 1458 1150 1534 linita
1169 1456 1302 1534 letania
1325 1444 1481 1554 oquitur
1499 1457 1617 1542 milla,
1642 1457 1825 1556 adquam

191 1580 309 1660 eciam
333 1579 482 1679 assatur,
509 1579 547 1658 ἃ
572 1579 662 1657 srcut
688 1577 759 1654 alia
785 1577 928 1678 priuata
954 1576 1016 1653 die
1032 1595 1098 1677 pua
1124 1586 1284 1680 accipitur.
1335 1620 1384 1634 —
1434 1620 1482 1636 -
1531 1619 1581 1635 -·
1863 1562 1865 1567 ¹

288 1800 325 1875 Si
352 1796 515 1893 feliiuiirr
547 1797 626 1872 XII.
657 1756 721 1878 uri
752 1796 860 1872 alicui
900 1793 1032 1872 homm
1065 1795 1176 1874 trium
1202 1797 1356 1875 dierum
1372 1795 1543 1874 inciderit
1566 1795 1630 1872 nil
1667 1796 1716 1873 de
1743 1819 1822 1892 pro·

190 1919 341 1996 ceffione
376 1917 541 1994 letaniari
580 1917 757 1994 minuitur
786 1915 850 1993 nili
880 1922 956 2011 prod
982 1918 1075 1991 nudis
1094 1922 1220 2014 pedidus
1242 1942 1301 1992 non
1324 1928 1446 2011 agant,
1470 1918 1599 1993 iratres
1625 1916 1700 2014 post
1725 1917 1821 2015 capif

190 2039 309 2116 lulum
332 2042 448 2115 iriiiorri
479 2048 512 2113 in
544 2041 669 2140 cimiiro
694 2050 819 2115 varod.
872 2035 953 2112 Post
980 2036 1190 2115 oracionem
1217 2053 1302 2115 voro
1337 2033 1452 2116 tercie
1480 2038 1518 2115 in
1554 2036 1666 2113 choro
1695 2036 1821 2115 sedeu-

37 2158 42 2175 '
132 2234 137 2248 ,
190 2171 250 2236 teo
281 2156 533 2258 prestolantur,
582 2159 699 2237 donec
720 2161 782 2260 qui
819 2161 864 2265 nd
894 2157 1031 2236 millam
1060 2159 1207 2258 aliquod
1232 2158 1391 2236 officium
1415 2159 1495 2236 sunt
1525 2158 1637 2235 aiiuri
1665 2159 1823 2247 vestian-

191 2290 271 2368 tur,
302 2279 358 2357 vel
386 2277 565 2355 fiiestnm
595 2279 645 2355 est
674 2279 888 2378 hujusmodi
918 2302 1048 2354 onmes
1072 2279 1206 2355 literati
1226 2292 1363 2354 exeunt
1381 2279 1564 2355 vestiendi.
1614 2276 1699 2358 Post
1726 2279 1824 2357 hano

190 2398 331 2478 millam
355 2401 402 2474 de
418 2409 539 2475 cetero
562 2400 686 2519 omnia
711 2414 882 2496 aguntur,
907 2423 963 2496 que
982 2402 1019 2473 dr
1032 2401 1148 2497 jrjrciio
1166 2398 1334 2500 pr‘esrrioia
1357 2400 1605 2478 inueniuntur.
1646 2464 1653 2495 ;

142 2628 144 2632 ’
187 2624 193 2633 “
289 2615 332 2691 si
358 2613 530 2691 iuuencio
557 2612 596 2692 S.
624 2615 754 2692 emen
783 2616 822 2693 in
838 2615 921 2715 *liiiio
950 2616 1108 2692 occurrit
1128 2628 1257 2714 viroque
1282 2619 1449 2717 proceffio
1476 2619 1514 2696 in
1542 2618 1604 2696 suo
1633 2619 1717 2696 loco
1747 2621 1823 2717 agi·

191 2742 273 2819 turs
300 2732 442 2810 eciarnfi
464 2746 609 2833 propter
639 2735 791 2832 alicujus
820 2735 980 2815 desuntti
1000 2739 1038 2835 se
1138 2763 1190 2813 nu
1216 2749 1281 2814 ires
1301 2739 1384 2839 rufio
1414 2741 1451 2815 in
1481 2744 1610 2818 eadem
1636 2728 1699 2816 die
1712 2764 1823 2819 oom-

189 2855 352 2934 munitet
379 2870 563 2931 canentur.
615 2857 655 2931 Si
678 2872 800 2934 autem
821 2856 949 2933 festum
975 2857 1087 2935 trium
1114 2858 1190 2936 leci.
1215 2859 1284 2934 hoo
1309 2861 1389 2935 dies
1417 2862 1565 2950 incidit,
1602 2862 1820 2937 matutinale

107 3031 113 3039 -
173 2976 350 3054 'officium
375 2978 414 3056 dr
442 2974 678 3072 antiphonam
703 2977 748 3051 od
772 2977 946 3074 primam,
971 2979 1018 3055 ad
1043 2978 1197 3076 priorem
1223 2978 1362 3058 milium
1386 2982 1534 3081 recipit,
1560 2984 1597 3062 dr
1622 2983 1703 3087 poli
1725 2982 1820 3063 itanc

189 3095 280 3192 ejus·
295 3094 474 3175 memoria
497 3095 535 3170 in
559 3118 603 3171 ea
626 3095 687 3171 die
709 3120 784 3174 non
808 3097 889 3175 erit.
938 3139 988 3157 -
1036 3136 1086 3154 -
1134 3139 1184 3158 ·-
1237 3108 1241 3115 '
1665 3088 1672 3102 ⁸

403 3357 477 3444 ιΝ
519 3355 726 3445 nnsro
770 3359 812 3444 a.
856 3361 1072 3446 maner
1114 3358 1598 3462 nvnuonnrsrn.
1775 3332 1780 3341 ’

284 3610 334 3626 ..
383 3608 434 3625 -
483 3609 533 3625 -
582 3566 667 3660 Post,
696 3565 892 3666 capitulum
919 3570 1157 3668 &deinceps
1191 3570 1252 3646 ille
1286 3573 1375 3648 ordo
1398 3572 1450 3649 est
1480 3573 1725 3654 obseruandus
1755 3576 1821 3677 qui

25 3750 28 3757 .
189 3689 345 3766 inferia
376 3687 531 3764 secunda
564 3684 795 3772 letaniarum,
837 3688 926 3765 fello
948 3691 1023 3768 XII.
1045 3693 1124 3771 ieri.
1150 3707 1236 3768 ante
1261 3693 1313 3771 est
1342 3693 1572 3793 proscriptus,
1611 3697 1822 3796 exceptosr

187 3808 260 3887 iroc
282 3807 409 3885 sellum
439 3808 642 3889 indominica
670 3807 841 3894 accurrit,
871 3810 956 3906 quia
976 3825 1066 3888 tunc
1088 3811 1187 3888 nulia
1212 3813 1356 3890 mencio
1385 3819 1493 3889 ionic
1516 3817 1603 3904 erit,
1634 3819 1707 3893 hoc
1729 3841 1822 3918 quo-

189 3953 260 4030 que
290 3924 484 4023 excipitur,
533 3927 630 4025 quod
659 3927 698 4004 in
728 3926 798 4002 hac
830 3927 891 4003 die
920 3931 968 4006 ad
1005 3933 1259 4031 proceffionem
1303 3936 1417 4010 inuis
1449 3957 1525 4012 non
1557 3938 1711 4028 vtimur,
1754 3964 1821 4018 ue·

81 4127 88 4140 ,
135 4134 139 4143 ,
189 4074 261 4152 que
281 4051 459 4148 sarmium
490 4053 613 4145 reliquie
648 4071 671 4124 a
704 4047 812 4125 nobis
834 4059 1041 4148 portantur,
1091 4053 1224 4131 sedin
1257 4057 1396 4130 crucibus
1430 4056 1604 4152 gestatoriis
1627 4058 1820 4160 firsprnim-

186 4183 254 4255 pur,
303 4209 353 4227 ...
401 4207 452 4225 .-
496 4206 575 4227 ....

1587 4255 1589 4258 ’
1752 4300 1818 4378 ιιι

229 4508 264 4592 ·)
286 4505 382 4572 Hodie
406 4527 463 4592 prr
488 4503 628 4591 oppidum
647 4499 816 4589 Aiiorferrsr
842 4507 985 4595 iruafiirrr
1004 4508 1209 4597 postcomm
1226 4505 1335 4593 supro.
1347 4529 1397 4593 oo.
1416 4509 1554 4594 parociis
1582 4531 1648 4578 nrm
1674 4517 1817 4603 immenso

269 4616 375 4703 popuii
390 4613 592 4686 multitudine,
630 4611 672 4678 ud
693 4612 814 4678 Curiam
831 4611 1014 4699 aliorsmsm
1034 4614 1107 4682 duic
1125 4638 1193 4683 rani
1219 4615 1329 4682 Siron
1350 4615 1506 4700 &ligurire
1525 4619 1713 4690 lucduno
1737 4626 1828 4712 parr'

272 4716 591 4807 musicorum:
621 4738 698 4808 porr
720 4718 961 4791 mmai
985 4721 1283 4815 rupi-unorum
1307 4722 1480 4796 maur.
