<?xml version="1.0" encoding="UTF-8"?>
<!DOCTYPE html PUBLIC "-//W3C//DTD XHTML 1.0 Transitional//EN"
    "http://www.w3.org/TR/xhtml1/DTD/xhtml1-transitional.dtd">
<html xmlns="http://www.w3.org/1999/xhtml" xml:lang="en" lang="en">
 <head>
  <title>
</title>
<meta http-equiv="Content-Type" content="text/html;charset=utf-8" />
  <meta name='ocr-system' content='tesseract 3.04.00' />
  <meta name='ocr-capabilities' content='ocr_page ocr_carea ocr_par ocr_line ocrx_word'/>
</head>
<body>
  <div class='ocr_page' id='page_1' title='image "./prodromusmonume01hessgoog_0089.png"; bbox 0 0 3736 5160; ppageno 0'>
   <div class='ocr_carea' id='block_1_1' title="bbox 161 188 1362 337">
    <p class='ocr_par' dir='ltr' id='par_1_1' title="bbox 161 188 1362 337">
     <span class='ocr_line' id='line_1_1' title="bbox 161 188 1362 337; baseline -0.005 -18"><span class='ocrx_word' id='word_1_1' title='bbox 161 188 573 337; x_wconf 52' lang='lat' dir='ltr'>*rof*</span> <span class='ocrx_word' id='word_1_2' title='bbox 939 222 1362 314; x_wconf 56' lang='lat' dir='ltr'>anemio·</span> 
     </span>
    </p>
   </div>
   <div class='ocr_carea' id='block_1_2' title="bbox 46 397 1867 1103">
    <p class='ocr_par' dir='ltr' id='par_1_2' title="bbox 46 397 1867 1103">
     <span class='ocr_line' id='line_1_2' title="bbox 336 397 1857 500; baseline -0.001 -18"><span class='ocrx_word' id='word_1_3' title='bbox 336 427 408 482; x_wconf 84' lang='lat' dir='ltr'>nos</span> <span class='ocrx_word' id='word_1_4' title='bbox 432 403 469 482; x_wconf 74' lang='grc' dir='ltr'>ἀ</span> <span class='ocrx_word' id='word_1_5' title='bbox 491 398 584 498; x_wconf 83' lang='lat' dir='ltr'>ipsos</span> <span class='ocrx_word' id='word_1_6' title='bbox 616 397 810 479; x_wconf 83' lang='lat' dir='ltr'>firmifflme</span> <span class='ocrx_word' id='word_1_7' title='bbox 830 400 931 477; x_wconf 86' lang='lat' dir='ltr'>omni</span> <span class='ocrx_word' id='word_1_8' title='bbox 953 411 1116 499; x_wconf 88' lang='lat' dir='ltr'>tempore</span> <span class='ocrx_word' id='word_1_9' title='bbox 1143 401 1274 480; x_wconf 84' lang='lat' dir='ltr'>debeat</span> <span class='ocrx_word' id='word_1_10' title='bbox 1299 422 1530 500; x_wconf 82' lang='lat' dir='ltr'>permanete,</span> <span class='ocrx_word' id='word_1_11' title='bbox 1556 412 1622 476; x_wconf 78' lang='lat' dir='ltr'>tom</span> <span class='ocrx_word' id='word_1_12' title='bbox 1642 406 1857 500; x_wconf 68' lang='lat' dir='ltr'>impetam</span> 
     </span>
     <span class='ocr_line' id='line_1_3' title="bbox 259 520 1866 626; baseline -0.001 -25"><span class='ocrx_word' id='word_1_13' title='bbox 259 594 263 601; x_wconf 90' lang='grc'><em>,</em></span> <span class='ocrx_word' id='word_1_14' title='bbox 330 527 546 626; x_wconf 73' lang='lat' dir='ltr'>spiritualius</span> <span class='ocrx_word' id='word_1_15' title='bbox 577 522 806 606; x_wconf 78' lang='lat' dir='ltr'>conmodis&amp;</span> <span class='ocrx_word' id='word_1_16' title='bbox 835 523 977 615; x_wconf 77' lang='lat' dir='ltr'>obsequiis</span> <span class='ocrx_word' id='word_1_17' title='bbox 1004 524 1176 598; x_wconf 89' lang='lat' dir='ltr'>decenter</span> <span class='ocrx_word' id='word_1_18' title='bbox 1200 534 1338 596; x_wconf 87' lang='lat' dir='ltr'>ornata.</span> <span class='ocrx_word' id='word_1_19' title='bbox 1411 523 1494 603; x_wconf 76' lang='lat' dir='ltr'>Qtra</span> <span class='ocrx_word' id='word_1_20' title='bbox 1514 520 1698 619; x_wconf 88' lang='lat' dir='ltr'>sponsrone</span> <span class='ocrx_word' id='word_1_21' title='bbox 1723 546 1787 620; x_wconf 88' lang='lat' dir='ltr'>per</span> <span class='ocrx_word' id='word_1_22' title='bbox 1814 546 1866 599; x_wconf 89' lang='lat' dir='ltr'>nu</span> 
     </span>
     <span class='ocr_line' id='line_1_4' title="bbox 338 639 1867 745; baseline -0.002 -24"><span class='ocrx_word' id='word_1_23' title='bbox 338 655 509 745; x_wconf 88' lang='lat' dir='ltr'>percepta</span> <span class='ocrx_word' id='word_1_24' title='bbox 536 662 621 715; x_wconf 90' lang='lat' dir='ltr'>cum</span> <span class='ocrx_word' id='word_1_25' title='bbox 650 639 766 715; x_wconf 88' lang='lat' dir='ltr'>multa</span> <span class='ocrx_word' id='word_1_26' title='bbox 791 639 1009 716; x_wconf 85' lang='lat' dir='ltr'>humilitatis</span> <span class='ocrx_word' id='word_1_27' title='bbox 1040 665 1084 716; x_wconf 88' lang='lat' dir='ltr'>ac</span> <span class='ocrx_word' id='word_1_28' title='bbox 1107 641 1315 717; x_wconf 85' lang='lat' dir='ltr'>deuotionis</span> <span class='ocrx_word' id='word_1_29' title='bbox 1340 641 1544 716; x_wconf 84' lang='lat' dir='ltr'>reuerentia</span> <span class='ocrx_word' id='word_1_30' title='bbox 1571 642 1618 716; x_wconf 87' lang='lat' dir='ltr'>de</span> <span class='ocrx_word' id='word_1_31' title='bbox 1641 641 1784 719; x_wconf 89' lang='lat' dir='ltr'>eisdem</span> <span class='ocrx_word' id='word_1_32' title='bbox 1803 643 1867 717; x_wconf 85' lang='lat' dir='ltr'>rel&#39;</span> 
     </span>
     <span class='ocr_line' id='line_1_5' title="bbox 46 759 1866 866; baseline -0.002 -25"><span class='ocrx_word' id='word_1_33' title='bbox 46 828 52 853; x_wconf 77' lang='grc'><strong>,</strong></span> <span class='ocrx_word' id='word_1_34' title='bbox 257 828 261 841; x_wconf 93' lang='grc'>.</span> <span class='ocrx_word' id='word_1_35' title='bbox 338 776 480 866; x_wconf 88' lang='lat' dir='ltr'>partem</span> <span class='ocrx_word' id='word_1_36' title='bbox 507 785 581 835; x_wconf 90' lang='lat' dir='ltr'>non</span> <span class='ocrx_word' id='word_1_37' title='bbox 611 759 792 835; x_wconf 87' lang='lat' dir='ltr'>modicam</span> <span class='ocrx_word' id='word_1_38' title='bbox 824 774 1037 843; x_wconf 73' lang='lat' dir='ltr'>caecantes,</span> <span class='ocrx_word' id='word_1_39' title='bbox 1078 785 1160 838; x_wconf 90' lang='lat' dir='ltr'>eam</span> <span class='ocrx_word' id='word_1_40' title='bbox 1191 762 1296 836; x_wconf 92' lang='lat' dir='ltr'>nobis</span> <span class='ocrx_word' id='word_1_41' title='bbox 1322 759 1423 836; x_wconf 89' lang='lat' dir='ltr'>omni</span> <span class='ocrx_word' id='word_1_42' title='bbox 1447 783 1598 835; x_wconf 89' lang='lat' dir='ltr'>munere</span> <span class='ocrx_word' id='word_1_43' title='bbox 1623 761 1818 853; x_wconf 78' lang='lat' dir='ltr'>gratiorem</span> <span class='ocrx_word' id='word_1_44' title='bbox 1856 795 1866 826; x_wconf 82' lang='grc' dir='ltr'>ι</span> 
     </span>
     <span class='ocr_line' id='line_1_6' title="bbox 162 878 1837 981; baseline -0.003 -18.324"><span class='ocrx_word' id='word_1_45' title='bbox 162 932 169 943; x_wconf 85' lang='lat'><strong>·</strong></span> <span class='ocrx_word' id='word_1_46' title='bbox 232 964 240 981; x_wconf 67' lang='grc'><em>,</em></span> <span class='ocrx_word' id='word_1_47' title='bbox 294 894 297 900; x_wconf 83' lang='grc'><strong>’</strong></span> <span class='ocrx_word' id='word_1_48' title='bbox 339 885 531 964; x_wconf 88' lang='lat' dir='ltr'>miserunt,</span> <span class='ocrx_word' id='word_1_49' title='bbox 579 878 733 954; x_wconf 86' lang='lat' dir='ltr'>euidens</span> <span class='ocrx_word' id='word_1_50' title='bbox 764 902 828 976; x_wconf 90' lang='lat' dir='ltr'>per</span> <span class='ocrx_word' id='word_1_51' title='bbox 861 879 933 959; x_wconf 88' lang='lat' dir='ltr'>hoc</span> <span class='ocrx_word' id='word_1_52' title='bbox 965 880 1073 959; x_wconf 86' lang='lat' dir='ltr'>nobis</span> <span class='ocrx_word' id='word_1_53' title='bbox 1107 881 1306 980; x_wconf 85' lang='lat' dir='ltr'>nostrisque</span> <span class='ocrx_word' id='word_1_54' title='bbox 1349 878 1597 957; x_wconf 78' lang='lat' dir='ltr'>successoribus</span> <span class='ocrx_word' id='word_1_55' title='bbox 1635 881 1837 958; x_wconf 87' lang='lat' dir='ltr'>amicabilis</span> 
     </span>
     <span class='ocr_line' id='line_1_7' title="bbox 61 988 1673 1103; baseline -0.006 -20"><span class='ocrx_word' id='word_1_56' title='bbox 61 988 66 996; x_wconf 65' lang='grc'>’</span> <span class='ocrx_word' id='word_1_57' title='bbox 337 1006 479 1103; x_wconf 85' lang='lat' dir='ltr'>fignum</span> <span class='ocrx_word' id='word_1_58' title='bbox 504 999 728 1081; x_wconf 83' lang='lat' dir='ltr'>exhibentes.</span> <span class='ocrx_word' id='word_1_59' title='bbox 1668 1028 1673 1039; x_wconf 66' lang='grc'><em>’</em></span> 
     </span>
    </p>
   </div>
   <div class='ocr_carea' id='block_1_3' title="bbox 277 1236 1868 1799">
    <p class='ocr_par' dir='ltr' id='par_1_3' title="bbox 277 1236 1868 1799">
     <span class='ocr_line' id='line_1_8' title="bbox 432 1236 1831 1339; baseline -0.001 -21"><span class='ocrx_word' id='word_1_60' title='bbox 432 1240 544 1339; x_wconf 83' lang='lat' dir='ltr'>Igitur</span> <span class='ocrx_word' id='word_1_61' title='bbox 577 1237 640 1337; x_wconf 90' lang='lat' dir='ltr'>qui</span> <span class='ocrx_word' id='word_1_62' title='bbox 676 1236 765 1315; x_wconf 85' lang='lat' dir='ltr'>miffi</span> <span class='ocrx_word' id='word_1_63' title='bbox 805 1237 949 1316; x_wconf 86' lang='lat' dir='ltr'>fuerant</span> <span class='ocrx_word' id='word_1_64' title='bbox 979 1261 1065 1315; x_wconf 87' lang='lat' dir='ltr'>cum</span> <span class='ocrx_word' id='word_1_65' title='bbox 1101 1239 1231 1316; x_wconf 87' lang='lat' dir='ltr'>reuersr</span> <span class='ocrx_word' id='word_1_66' title='bbox 1273 1238 1489 1317; x_wconf 80' lang='lat' dir='ltr'>monaterio</span> <span class='ocrx_word' id='word_1_67' title='bbox 1526 1238 1831 1337; x_wconf 65' lang='lat' dir='ltr'>propinquarent,</span> 
     </span>
     <span class='ocr_line' id='line_1_9' title="bbox 336 1357 1834 1459; baseline -0.005 -18"><span class='ocrx_word' id='word_1_68' title='bbox 336 1362 431 1441; x_wconf 88' lang='lat' dir='ltr'>tium</span> <span class='ocrx_word' id='word_1_69' title='bbox 453 1360 516 1459; x_wconf 91' lang='lat' dir='ltr'>qui</span> <span class='ocrx_word' id='word_1_70' title='bbox 539 1357 636 1454; x_wconf 86' lang='lat' dir='ltr'>gesta</span> <span class='ocrx_word' id='word_1_71' title='bbox 660 1369 820 1433; x_wconf 82' lang='lat' dir='ltr'>narraret</span> <span class='ocrx_word' id='word_1_72' title='bbox 842 1358 1087 1457; x_wconf 89' lang='lat' dir='ltr'>premisernnt.</span> <span class='ocrx_word' id='word_1_73' title='bbox 1138 1359 1357 1457; x_wconf 73' lang='lat' dir='ltr'>saltumque</span> <span class='ocrx_word' id='word_1_74' title='bbox 1380 1361 1431 1435; x_wconf 88' lang='lat' dir='ltr'>est</span> <span class='ocrx_word' id='word_1_75' title='bbox 1454 1371 1495 1436; x_wconf 92' lang='lat' dir='ltr'>vt</span> <span class='ocrx_word' id='word_1_76' title='bbox 1514 1370 1582 1433; x_wconf 79' lang='lat' dir='ltr'>torn</span> <span class='ocrx_word' id='word_1_77' title='bbox 1602 1365 1722 1434; x_wconf 82' lang='lat' dir='ltr'>o&#39;clern</span> <span class='ocrx_word' id='word_1_78' title='bbox 1742 1384 1834 1456; x_wconf 65' lang='lat' dir='ltr'>mom</span> 
     </span>
     <span class='ocr_line' id='line_1_10' title="bbox 277 1464 1859 1589; baseline -0.003 -28"><span class='ocrx_word' id='word_1_79' title='bbox 277 1464 280 1471; x_wconf 36' lang='lat'><strong><em>¹</em></strong></span> <span class='ocrx_word' id='word_1_80' title='bbox 338 1506 424 1561; x_wconf 90' lang='lat' dir='ltr'>cum</span> <span class='ocrx_word' id='word_1_81' title='bbox 455 1490 559 1557; x_wconf 83' lang='lat' dir='ltr'>tanto</span> <span class='ocrx_word' id='word_1_82' title='bbox 588 1476 722 1573; x_wconf 85' lang='lat' dir='ltr'>gaudio</span> <span class='ocrx_word' id='word_1_83' title='bbox 756 1477 796 1554; x_wconf 77' lang='grc' dir='ltr'>δι</span> <span class='ocrx_word' id='word_1_84' title='bbox 824 1478 951 1554; x_wconf 87' lang='lat' dir='ltr'>fauore</span> <span class='ocrx_word' id='word_1_85' title='bbox 972 1478 1009 1554; x_wconf 90' lang='lat' dir='ltr'>in</span> <span class='ocrx_word' id='word_1_86' title='bbox 1034 1501 1125 1555; x_wconf 85' lang='lat' dir='ltr'>voce</span> <span class='ocrx_word' id='word_1_87' title='bbox 1152 1480 1376 1573; x_wconf 87' lang='lat' dir='ltr'>jubilationis</span> <span class='ocrx_word' id='word_1_88' title='bbox 1405 1485 1443 1558; x_wconf 83' lang='lat' dir='ltr'>dr</span> <span class='ocrx_word' id='word_1_89' title='bbox 1464 1478 1582 1555; x_wconf 83' lang='lat' dir='ltr'>laudis</span> <span class='ocrx_word' id='word_1_90' title='bbox 1617 1478 1688 1553; x_wconf 92' lang='lat' dir='ltr'>hoc</span> <span class='ocrx_word' id='word_1_91' title='bbox 1714 1479 1859 1589; x_wconf 77' lang='lat' dir='ltr'>sanstilli</span> 
     </span>
     <span class='ocr_line' id='line_1_11' title="bbox 336 1597 1868 1697; baseline -0.003 -16"><span class='ocrx_word' id='word_1_92' title='bbox 336 1623 472 1681; x_wconf 89' lang='lat' dir='ltr'>munus</span> <span class='ocrx_word' id='word_1_93' title='bbox 499 1597 944 1697; x_wconf 74' lang='lat' dir='ltr'>excipereturrtauquam</span> <span class='ocrx_word' id='word_1_94' title='bbox 970 1598 1113 1678; x_wconf 76' lang='lat' dir='ltr'>visibilis</span> <span class='ocrx_word' id='word_1_95' title='bbox 1137 1603 1185 1679; x_wconf 84' lang='lat' dir='ltr'>ad</span> <span class='ocrx_word' id='word_1_96' title='bbox 1207 1623 1277 1677; x_wconf 89' lang='lat' dir='ltr'>nos</span> <span class='ocrx_word' id='word_1_97' title='bbox 1298 1601 1337 1679; x_wconf 84' lang='lat' dir='ltr'>dc</span> <span class='ocrx_word' id='word_1_98' title='bbox 1361 1600 1507 1680; x_wconf 87' lang='lat' dir='ltr'>viuilica</span> <span class='ocrx_word' id='word_1_99' title='bbox 1527 1598 1635 1696; x_wconf 80' lang='lat' dir='ltr'>ipsius</span> <span class='ocrx_word' id='word_1_100' title='bbox 1657 1598 1728 1675; x_wconf 89' lang='lat' dir='ltr'>Dei</span> <span class='ocrx_word' id='word_1_101' title='bbox 1749 1599 1868 1677; x_wconf 88' lang='lat' dir='ltr'>Ben</span> 
     </span>
     <span class='ocr_line' id='line_1_12' title="bbox 335 1714 732 1799; baseline -0.013 -1"><span class='ocrx_word' id='word_1_102' title='bbox 335 1721 468 1799; x_wconf 82' lang='lat' dir='ltr'>celitus</span> <span class='ocrx_word' id='word_1_103' title='bbox 489 1714 732 1795; x_wconf 81' lang='lat' dir='ltr'>descendisset.</span> 
     </span>
    </p>
   </div>
   <div class='ocr_carea' id='block_1_4' title="bbox 33 1955 1868 3867">
    <p class='ocr_par' dir='ltr' id='par_1_4' title="bbox 431 1955 1843 2057">
     <span class='ocr_line' id='line_1_13' title="bbox 431 1955 1843 2057; baseline -0.003 -23"><span class='ocrx_word' id='word_1_104' title='bbox 431 1957 557 2056; x_wconf 89' lang='lat' dir='ltr'>ltaque</span> <span class='ocrx_word' id='word_1_105' title='bbox 572 1955 761 2034; x_wconf 78' lang='lat' dir='ltr'>Dominus</span> <span class='ocrx_word' id='word_1_106' title='bbox 789 1958 911 2035; x_wconf 83' lang='lat' dir='ltr'>Abbas</span> <span class='ocrx_word' id='word_1_107' title='bbox 932 1956 1098 2035; x_wconf 83' lang='lat' dir='ltr'>desiderii</span> <span class='ocrx_word' id='word_1_108' title='bbox 1120 1958 1170 2036; x_wconf 89' lang='lat' dir='ltr'>sui</span> <span class='ocrx_word' id='word_1_109' title='bbox 1193 1972 1321 2057; x_wconf 89' lang='lat' dir='ltr'>optato</span> <span class='ocrx_word' id='word_1_110' title='bbox 1345 1970 1482 2038; x_wconf 87' lang='lat' dir='ltr'>euentu</span> <span class='ocrx_word' id='word_1_111' title='bbox 1505 1981 1655 2057; x_wconf 86' lang='lat' dir='ltr'>compos</span> <span class='ocrx_word' id='word_1_112' title='bbox 1677 1955 1843 2044; x_wconf 74' lang='lat' dir='ltr'>effeetus,</span> 
     </span>
    </p>

    <p class='ocr_par' dir='ltr' id='par_1_5' title="bbox 239 2068 1848 2299">
     <span class='ocr_line' id='line_1_14' title="bbox 239 2068 1848 2179; baseline -0.002 -22"><span class='ocrx_word' id='word_1_113' title='bbox 239 2068 244 2075; x_wconf 65' lang='grc'><strong>’</strong></span> <span class='ocrx_word' id='word_1_114' title='bbox 310 2086 467 2157; x_wconf 63' lang='grc' dir='ltr'>·σαῑίοηὶπ</span> <span class='ocrx_word' id='word_1_115' title='bbox 490 2079 680 2174; x_wconf 84' lang='lat' dir='ltr'>negotium</span> <span class='ocrx_word' id='word_1_116' title='bbox 705 2078 905 2157; x_wconf 88' lang='lat' dir='ltr'>accelerare</span> <span class='ocrx_word' id='word_1_117' title='bbox 926 2080 1112 2177; x_wconf 87' lang='lat' dir='ltr'>cupiebat,</span> <span class='ocrx_word' id='word_1_118' title='bbox 1136 2086 1233 2179; x_wconf 91' lang='lat' dir='ltr'>quod</span> <span class='ocrx_word' id='word_1_119' title='bbox 1253 2085 1338 2159; x_wconf 89' lang='lat' dir='ltr'>lioet</span> <span class='ocrx_word' id='word_1_120' title='bbox 1355 2082 1429 2156; x_wconf 83' lang='lat' dir='ltr'>stne</span> <span class='ocrx_word' id='word_1_121' title='bbox 1456 2081 1599 2176; x_wconf 84' lang='lat' dir='ltr'>magnis</span> <span class='ocrx_word' id='word_1_122' title='bbox 1624 2076 1848 2178; x_wconf 84' lang='lat' dir='ltr'>expensis&amp;</span> 
     </span>
     <span class='ocr_line' id='line_1_15' title="bbox 336 2199 1848 2299; baseline -0.003 -23"><span class='ocrx_word' id='word_1_123' title='bbox 336 2202 462 2299; x_wconf 89' lang='lat' dir='ltr'>ptnoso</span> <span class='ocrx_word' id='word_1_124' title='bbox 491 2212 664 2297; x_wconf 90' lang='lat' dir='ltr'>apparatu</span> <span class='ocrx_word' id='word_1_125' title='bbox 685 2199 848 2297; x_wconf 86' lang='lat' dir='ltr'>expediri</span> <span class='ocrx_word' id='word_1_126' title='bbox 874 2224 949 2275; x_wconf 90' lang='lat' dir='ltr'>non</span> <span class='ocrx_word' id='word_1_127' title='bbox 975 2201 1097 2298; x_wconf 84' lang='lat' dir='ltr'>pollet.</span> <span class='ocrx_word' id='word_1_128' title='bbox 1152 2202 1223 2277; x_wconf 90' lang='lat' dir='ltr'>Dei</span> <span class='ocrx_word' id='word_1_129' title='bbox 1244 2215 1368 2298; x_wconf 82' lang='lat' dir='ltr'>tamen</span> <span class='ocrx_word' id='word_1_130' title='bbox 1394 2214 1610 2299; x_wconf 85' lang='lat' dir='ltr'>cooperante</span> <span class='ocrx_word' id='word_1_131' title='bbox 1636 2200 1848 2296; x_wconf 83' lang='lat' dir='ltr'>gratiaque</span> 
     </span>
    </p>

    <p class='ocr_par' dir='ltr' id='par_1_6' title="bbox 336 2314 1868 2661">
     <span class='ocr_line' id='line_1_16' title="bbox 336 2314 1844 2416; baseline 0.001 -21"><span class='ocrx_word' id='word_1_132' title='bbox 336 2319 431 2395; x_wconf 82' lang='lat' dir='ltr'>libus</span> <span class='ocrx_word' id='word_1_133' title='bbox 454 2314 537 2416; x_wconf 81' lang='lat' dir='ltr'>ejus</span> <span class='ocrx_word' id='word_1_134' title='bbox 560 2319 707 2395; x_wconf 87' lang='lat' dir='ltr'>fauebat</span> <span class='ocrx_word' id='word_1_135' title='bbox 739 2318 854 2404; x_wconf 87' lang='lat' dir='ltr'>votis,</span> <span class='ocrx_word' id='word_1_136' title='bbox 878 2319 931 2394; x_wconf 90' lang='lat' dir='ltr'>ita</span> <span class='ocrx_word' id='word_1_137' title='bbox 958 2320 1046 2414; x_wconf 78' lang='lat' dir='ltr'>infra</span> <span class='ocrx_word' id='word_1_138' title='bbox 1069 2346 1164 2395; x_wconf 84' lang='lat' dir='ltr'>onom</span> <span class='ocrx_word' id='word_1_139' title='bbox 1183 2325 1375 2397; x_wconf 78' lang='lat' dir='ltr'>ebdomadam</span> <span class='ocrx_word' id='word_1_140' title='bbox 1403 2321 1526 2397; x_wconf 90' lang='lat' dir='ltr'>omnia</span> <span class='ocrx_word' id='word_1_141' title='bbox 1550 2336 1673 2416; x_wconf 88' lang='lat' dir='ltr'>parata</span> <span class='ocrx_word' id='word_1_142' title='bbox 1700 2322 1780 2393; x_wconf 89' lang='lat' dir='ltr'>sunt</span> <span class='ocrx_word' id='word_1_143' title='bbox 1804 2320 1844 2396; x_wconf 80' lang='lat' dir='ltr'>dt</span> 
     </span>
     <span class='ocr_line' id='line_1_17' title="bbox 336 2436 1868 2538; baseline -0.003 -21"><span class='ocrx_word' id='word_1_144' title='bbox 336 2448 377 2516; x_wconf 81' lang='lat' dir='ltr'>ta</span> <span class='ocrx_word' id='word_1_145' title='bbox 400 2451 441 2517; x_wconf 87' lang='lat' dir='ltr'>vt</span> <span class='ocrx_word' id='word_1_146' title='bbox 466 2436 558 2514; x_wconf 88' lang='lat' dir='ltr'>nihil</span> <span class='ocrx_word' id='word_1_147' title='bbox 585 2437 718 2514; x_wconf 78' lang='lat' dir='ltr'>desiset</span> <span class='ocrx_word' id='word_1_148' title='bbox 744 2440 843 2538; x_wconf 90' lang='lat' dir='ltr'>quod</span> <span class='ocrx_word' id='word_1_149' title='bbox 870 2441 917 2515; x_wconf 91' lang='lat' dir='ltr'>ad</span> <span class='ocrx_word' id='word_1_150' title='bbox 940 2452 1043 2516; x_wconf 88' lang='lat' dir='ltr'>tante</span> <span class='ocrx_word' id='word_1_151' title='bbox 1068 2439 1318 2515; x_wconf 83' lang='lat' dir='ltr'>sollemnitatis</span> <span class='ocrx_word' id='word_1_152' title='bbox 1351 2443 1389 2519; x_wconf 81' lang='lat' dir='ltr'>dr</span> <span class='ocrx_word' id='word_1_153' title='bbox 1415 2440 1553 2516; x_wconf 89' lang='lat' dir='ltr'>cultum</span> <span class='ocrx_word' id='word_1_154' title='bbox 1580 2443 1618 2518; x_wconf 85' lang='lat' dir='ltr'>dr</span> <span class='ocrx_word' id='word_1_155' title='bbox 1650 2437 1834 2536; x_wconf 87' lang='lat' dir='ltr'>impendia</span> <span class='ocrx_word' id='word_1_156' title='bbox 1865 2472 1868 2527; x_wconf 60' lang='lat' dir='ltr'>r</span> 
     </span>
     <span class='ocr_line' id='line_1_18' title="bbox 337 2555 1868 2661; baseline 0 -27"><span class='ocrx_word' id='word_1_157' title='bbox 337 2570 479 2634; x_wconf 89' lang='lat' dir='ltr'>nerent.</span> <span class='ocrx_word' id='word_1_158' title='bbox 549 2555 724 2649; x_wconf 78' lang='lat' dir='ltr'>Insinbnte</span> <span class='ocrx_word' id='word_1_159' title='bbox 756 2565 858 2634; x_wconf 82' lang='lat' dir='ltr'>oictm</span> <span class='ocrx_word' id='word_1_160' title='bbox 869 2563 984 2661; x_wconf 80' lang='lat' dir='ltr'>sestam</span> <span class='ocrx_word' id='word_1_161' title='bbox 1008 2563 1101 2638; x_wconf 82' lang='lat' dir='ltr'>ilenti</span> <span class='ocrx_word' id='word_1_162' title='bbox 1128 2581 1293 2634; x_wconf 76' lang='lat' dir='ltr'>maurim</span> <span class='ocrx_word' id='word_1_163' title='bbox 1317 2560 1365 2634; x_wconf 85' lang='lat' dir='ltr'>ad</span> <span class='ocrx_word' id='word_1_164' title='bbox 1386 2562 1483 2655; x_wconf 90' lang='lat' dir='ltr'>quod</span> <span class='ocrx_word' id='word_1_165' title='bbox 1517 2559 1738 2635; x_wconf 85' lang='lat' dir='ltr'>incredibilis</span> <span class='ocrx_word' id='word_1_166' title='bbox 1766 2559 1868 2634; x_wconf 92' lang='lat' dir='ltr'>hom</span> 
     </span>
    </p>

    <p class='ocr_par' dir='ltr' id='par_1_7' title="bbox 201 2677 1868 2900">
     <span class='ocr_line' id='line_1_19' title="bbox 337 2677 1860 2777; baseline -0.002 -22"><span class='ocrx_word' id='word_1_167' title='bbox 337 2677 534 2755; x_wconf 88' lang='lat' dir='ltr'>multitudo</span> <span class='ocrx_word' id='word_1_168' title='bbox 558 2678 753 2761; x_wconf 87' lang='lat' dir='ltr'>confluxit,</span> <span class='ocrx_word' id='word_1_169' title='bbox 793 2692 912 2777; x_wconf 91' lang='lat' dir='ltr'>preter</span> <span class='ocrx_word' id='word_1_170' title='bbox 932 2679 1072 2757; x_wconf 84' lang='lat' dir='ltr'>Abbntrs</span> <span class='ocrx_word' id='word_1_171' title='bbox 1093 2679 1255 2774; x_wconf 85' lang='lat' dir='ltr'>aliosque</span> <span class='ocrx_word' id='word_1_172' title='bbox 1280 2687 1413 2775; x_wconf 60' lang='lat' dir='ltr'>pantos</span> <span class='ocrx_word' id='word_1_173' title='bbox 1436 2679 1496 2777; x_wconf 92' lang='lat' dir='ltr'>qui</span> <span class='ocrx_word' id='word_1_174' title='bbox 1522 2679 1716 2775; x_wconf 79' lang='lat' dir='ltr'>specialiter</span> <span class='ocrx_word' id='word_1_175' title='bbox 1740 2679 1860 2753; x_wconf 85' lang='lat' dir='ltr'>saera</span> 
     </span>
     <span class='ocr_line' id='line_1_20' title="bbox 201 2797 1868 2900; baseline -0.003 -24"><span class='ocrx_word' id='word_1_176' title='bbox 201 2874 226 2889; x_wconf 75' lang='grc'>,,</span> <span class='ocrx_word' id='word_1_177' title='bbox 337 2798 462 2883; x_wconf 88' lang='lat' dir='ltr'>vitati,</span> <span class='ocrx_word' id='word_1_178' title='bbox 488 2797 607 2896; x_wconf 88' lang='lat' dir='ltr'>plures</span> <span class='ocrx_word' id='word_1_179' title='bbox 633 2811 756 2874; x_wconf 89' lang='lat' dir='ltr'>tamen</span> <span class='ocrx_word' id='word_1_180' title='bbox 787 2799 856 2874; x_wconf 92' lang='lat' dir='ltr'>hec</span> <span class='ocrx_word' id='word_1_181' title='bbox 879 2803 1047 2900; x_wconf 89' lang='lat' dir='ltr'>precipue</span> <span class='ocrx_word' id='word_1_182' title='bbox 1080 2799 1185 2876; x_wconf 84' lang='lat' dir='ltr'>causa</span> <span class='ocrx_word' id='word_1_183' title='bbox 1207 2810 1422 2882; x_wconf 79' lang='lat' dir='ltr'>attraxerat,</span> <span class='ocrx_word' id='word_1_184' title='bbox 1448 2799 1535 2897; x_wconf 83' lang='lat' dir='ltr'>quia</span> <span class='ocrx_word' id='word_1_185' title='bbox 1553 2797 1744 2873; x_wconf 86' lang='lat' dir='ltr'>audierant</span> <span class='ocrx_word' id='word_1_186' title='bbox 1763 2797 1868 2872; x_wconf 86' lang='lat' dir='ltr'>dedi·</span> 
     </span>
    </p>

    <p class='ocr_par' dir='ltr' id='par_1_8' title="bbox 136 2916 1840 3021">
     <span class='ocr_line' id='line_1_21' title="bbox 136 2916 1840 3021; baseline -0.001 -26"><span class='ocrx_word' id='word_1_187' title='bbox 136 3016 141 3021; x_wconf 26' lang='grc' dir='ltr'>Ι</span> <span class='ocrx_word' id='word_1_188' title='bbox 336 2942 424 2995; x_wconf 87' lang='lat' dir='ltr'>nem</span> <span class='ocrx_word' id='word_1_189' title='bbox 446 2919 483 2992; x_wconf 90' lang='lat' dir='ltr'>in</span> <span class='ocrx_word' id='word_1_190' title='bbox 507 2916 673 3016; x_wconf 87' lang='lat' dir='ltr'>proximo</span> <span class='ocrx_word' id='word_1_191' title='bbox 701 2918 972 3009; x_wconf 85' lang='lat' dir='ltr'>celebrandam,</span> <span class='ocrx_word' id='word_1_192' title='bbox 1001 2923 1039 3001; x_wconf 76' lang='grc' dir='ltr'>δι</span> <span class='ocrx_word' id='word_1_193' title='bbox 1061 2927 1193 2996; x_wconf 79' lang='lat' dir='ltr'>rmxirne</span> <span class='ocrx_word' id='word_1_194' title='bbox 1214 2927 1326 2994; x_wconf 77' lang='lat' dir='ltr'>rrd&#39;itrs</span> <span class='ocrx_word' id='word_1_195' title='bbox 1350 2926 1430 2992; x_wconf 80' lang='lat' dir='ltr'>cirre</span> <span class='ocrx_word' id='word_1_196' title='bbox 1453 2924 1617 3013; x_wconf 67' lang='lat' dir='ltr'>optationis,</span> <span class='ocrx_word' id='word_1_197' title='bbox 1643 2917 1706 3014; x_wconf 89' lang='lat' dir='ltr'>qui</span> <span class='ocrx_word' id='word_1_198' title='bbox 1730 2930 1840 2993; x_wconf 88' lang='lat' dir='ltr'>tantu</span> 
     </span>
    </p>

    <p class='ocr_par' dir='ltr' id='par_1_9' title="bbox 33 3032 1867 3379">
     <span class='ocr_line' id='line_1_22' title="bbox 33 3032 1836 3136; baseline -0.003 -22"><span class='ocrx_word' id='word_1_199' title='bbox 33 3032 36 3037; x_wconf 71' lang='grc'><strong>’</strong></span> <span class='ocrx_word' id='word_1_200' title='bbox 81 3041 85 3061; x_wconf 80' lang='lat'><strong>²</strong></span> <span class='ocrx_word' id='word_1_201' title='bbox 224 3114 227 3119; x_wconf 85' lang='grc'>,</span> <span class='ocrx_word' id='word_1_202' title='bbox 338 3039 498 3119; x_wconf 81' lang='lat' dir='ltr'>votionis</span> <span class='ocrx_word' id='word_1_203' title='bbox 527 3037 566 3116; x_wconf 76' lang='grc' dir='ltr'>δι</span> <span class='ocrx_word' id='word_1_204' title='bbox 590 3037 748 3135; x_wconf 88' lang='lat' dir='ltr'>obsequii</span> <span class='ocrx_word' id='word_1_205' title='bbox 771 3038 876 3112; x_wconf 86' lang='lat' dir='ltr'>causa</span> <span class='ocrx_word' id='word_1_206' title='bbox 906 3051 1170 3124; x_wconf 87' lang='lat' dir='ltr'>conuenerant,</span> <span class='ocrx_word' id='word_1_207' title='bbox 1204 3037 1334 3136; x_wconf 85' lang='lat' dir='ltr'>quibus</span> <span class='ocrx_word' id='word_1_208' title='bbox 1358 3037 1526 3114; x_wconf 85' lang='lat' dir='ltr'>omnibus</span> <span class='ocrx_word' id='word_1_209' title='bbox 1560 3039 1752 3129; x_wconf 74' lang='lat' dir='ltr'>aministris</span> <span class='ocrx_word' id='word_1_210' title='bbox 1803 3074 1836 3099; x_wconf 53' lang='grc' dir='ltr'>1ι</span> 
     </span>
     <span class='ocr_line' id='line_1_23' title="bbox 236 3146 1867 3258; baseline 0.002 -31"><span class='ocrx_word' id='word_1_211' title='bbox 236 3212 240 3227; x_wconf 94' lang='grc'>.</span> <span class='ocrx_word' id='word_1_212' title='bbox 339 3163 379 3234; x_wconf 85' lang='lat' dir='ltr'>cd</span> <span class='ocrx_word' id='word_1_213' title='bbox 404 3156 457 3234; x_wconf 78' lang='lat' dir='ltr'>stoc</span> <span class='ocrx_word' id='word_1_214' title='bbox 481 3162 635 3254; x_wconf 74' lang='lat' dir='ltr'>reponis</span> <span class='ocrx_word' id='word_1_215' title='bbox 663 3155 823 3256; x_wconf 81' lang='lat' dir='ltr'>neceffcrio</span> <span class='ocrx_word' id='word_1_216' title='bbox 843 3154 1001 3255; x_wconf 77' lang='lat' dir='ltr'>bomnficc</span> <span class='ocrx_word' id='word_1_217' title='bbox 1022 3146 1236 3258; x_wconf 67' lang='lat' dir='ltr'>preberetur.</span> <span class='ocrx_word' id='word_1_218' title='bbox 1286 3158 1398 3254; x_wconf 86' lang='lat' dir='ltr'>Igitur</span> <span class='ocrx_word' id='word_1_219' title='bbox 1414 3165 1554 3255; x_wconf 62' lang='lat' dir='ltr'>mommo</span> <span class='ocrx_word' id='word_1_220' title='bbox 1575 3158 1749 3258; x_wconf 75' lang='lat' dir='ltr'>pssij&#39;estum</span> <span class='ocrx_word' id='word_1_221' title='bbox 1771 3160 1867 3231; x_wconf 83' lang='lat' dir='ltr'>died</span> 
     </span>
     <span class='ocr_line' id='line_1_24' title="bbox 339 3273 1852 3379; baseline -0.005 -24"><span class='ocrx_word' id='word_1_222' title='bbox 339 3280 442 3379; x_wconf 75' lang='lat' dir='ltr'>locst</span> <span class='ocrx_word' id='word_1_223' title='bbox 475 3288 540 3352; x_wconf 83' lang='lat' dir='ltr'>tam</span> <span class='ocrx_word' id='word_1_224' title='bbox 567 3282 749 3375; x_wconf 73' lang='lat' dir='ltr'>prinpalis</span> <span class='ocrx_word' id='word_1_225' title='bbox 778 3278 894 3374; x_wconf 84' lang='lat' dir='ltr'>cccltsra</span> <span class='ocrx_word' id='word_1_226' title='bbox 924 3294 1014 3375; x_wconf 74' lang='lat' dir='ltr'>prout</span> <span class='ocrx_word' id='word_1_227' title='bbox 1045 3284 1164 3376; x_wconf 79' lang='lat' dir='ltr'>Capella</span> <span class='ocrx_word' id='word_1_228' title='bbox 1200 3298 1452 3353; x_wconf 71' lang='lat' dir='ltr'>auterannus</span> <span class='ocrx_word' id='word_1_229' title='bbox 1484 3278 1527 3363; x_wconf 64' lang='grc' dir='ltr'>ἐφ’</span> <span class='ocrx_word' id='word_1_230' title='bbox 1556 3282 1653 3352; x_wconf 72' lang='lat' dir='ltr'>abac</span> <span class='ocrx_word' id='word_1_231' title='bbox 1681 3277 1717 3350; x_wconf 91' lang='lat' dir='ltr'>S.</span> <span class='ocrx_word' id='word_1_232' title='bbox 1742 3273 1852 3371; x_wconf 83' lang='lat' dir='ltr'>Grego</span> 
     </span>
    </p>

    <p class='ocr_par' dir='ltr' id='par_1_10' title="bbox 108 3396 1867 3735">
     <span class='ocr_line' id='line_1_25' title="bbox 334 3396 1863 3500; baseline 0 -31"><span class='ocrx_word' id='word_1_233' title='bbox 334 3414 414 3498; x_wconf 78' lang='lat' dir='ltr'>pars</span> <span class='ocrx_word' id='word_1_234' title='bbox 439 3403 635 3493; x_wconf 77' lang='lat' dir='ltr'>reliqtdcrum</span> <span class='ocrx_word' id='word_1_235' title='bbox 662 3396 769 3474; x_wconf 86' lang='lat' dir='ltr'>Beati</span> <span class='ocrx_word' id='word_1_236' title='bbox 803 3420 969 3475; x_wconf 77' lang='lat' dir='ltr'>utamur</span> <span class='ocrx_word' id='word_1_237' title='bbox 995 3422 1068 3500; x_wconf 89' lang='lat' dir='ltr'>que</span> <span class='ocrx_word' id='word_1_238' title='bbox 1094 3421 1210 3496; x_wconf 88' lang='lat' dir='ltr'>nuper</span> <span class='ocrx_word' id='word_1_239' title='bbox 1239 3398 1361 3473; x_wconf 87' lang='lat' dir='ltr'>delata</span> <span class='ocrx_word' id='word_1_240' title='bbox 1384 3396 1521 3482; x_wconf 88' lang='lat' dir='ltr'>fuerat,</span> <span class='ocrx_word' id='word_1_241' title='bbox 1555 3417 1640 3470; x_wconf 92' lang='lat' dir='ltr'>cum</span> <span class='ocrx_word' id='word_1_242' title='bbox 1667 3402 1739 3470; x_wconf 82' lang='lat' dir='ltr'>otiis</span> <span class='ocrx_word' id='word_1_243' title='bbox 1763 3403 1863 3490; x_wconf 81' lang='lat' dir='ltr'>reliq</span> 
     </span>
     <span class='ocr_line' id='line_1_26' title="bbox 108 3496 1866 3627; baseline -0.005 -29"><span class='ocrx_word' id='word_1_244' title='bbox 108 3612 126 3627; x_wconf 85' lang='lat'>.</span> <span class='ocrx_word' id='word_1_245' title='bbox 339 3516 470 3614; x_wconf 88' lang='lat' dir='ltr'>majori</span> <span class='ocrx_word' id='word_1_246' title='bbox 483 3515 606 3615; x_wconf 81' lang='lat' dir='ltr'>Alteri</span> <span class='ocrx_word' id='word_1_247' title='bbox 625 3496 677 3593; x_wconf 77' lang='lat' dir='ltr'>eil</span> <span class='ocrx_word' id='word_1_248' title='bbox 695 3514 856 3614; x_wconf 79' lang='lat' dir='ltr'>reposita.</span> <span class='ocrx_word' id='word_1_249' title='bbox 920 3518 1100 3595; x_wconf 85' lang='lat' dir='ltr'>Dominus</span> <span class='ocrx_word' id='word_1_250' title='bbox 1127 3540 1214 3607; x_wconf 88' lang='lat' dir='ltr'>vero</span> <span class='ocrx_word' id='word_1_251' title='bbox 1240 3517 1364 3593; x_wconf 82' lang='lat' dir='ltr'>Abbas</span> <span class='ocrx_word' id='word_1_252' title='bbox 1388 3520 1486 3613; x_wconf 82' lang='lat' dir='ltr'>Caput</span> <span class='ocrx_word' id='word_1_253' title='bbox 1507 3541 1546 3590; x_wconf 81' lang='lat' dir='ltr'>cx</span> <span class='ocrx_word' id='word_1_254' title='bbox 1576 3540 1652 3589; x_wconf 82' lang='lat' dir='ltr'>noro</span> <span class='ocrx_word' id='word_1_255' title='bbox 1672 3517 1715 3601; x_wconf 69' lang='lat' dir='ltr'>s?</span> <span class='ocrx_word' id='word_1_256' title='bbox 1738 3527 1866 3609; x_wconf 83' lang='lat' dir='ltr'>argento</span> 
     </span>
     <span class='ocr_line' id='line_1_27' title="bbox 175 3632 1867 3735; baseline -0.005 -16"><span class='ocrx_word' id='word_1_257' title='bbox 175 3708 180 3719; x_wconf 91' lang='lat'><strong>.</strong></span> <span class='ocrx_word' id='word_1_258' title='bbox 337 3638 487 3733; x_wconf 73' lang='lat' dir='ltr'>iubens,</span> <span class='ocrx_word' id='word_1_259' title='bbox 529 3648 669 3735; x_wconf 86' lang='lat' dir='ltr'>partem</span> <span class='ocrx_word' id='word_1_260' title='bbox 696 3659 767 3733; x_wconf 88' lang='lat' dir='ltr'>que</span> <span class='ocrx_word' id='word_1_261' title='bbox 790 3635 942 3711; x_wconf 85' lang='lat' dir='ltr'>restabat</span> <span class='ocrx_word' id='word_1_262' title='bbox 970 3637 1008 3711; x_wconf 93' lang='lat' dir='ltr'>in</span> <span class='ocrx_word' id='word_1_263' title='bbox 1039 3660 1085 3712; x_wconf 90' lang='lat' dir='ltr'>eo</span> <span class='ocrx_word' id='word_1_264' title='bbox 1112 3635 1303 3712; x_wconf 87' lang='lat' dir='ltr'>collocauit</span> <span class='ocrx_word' id='word_1_265' title='bbox 1331 3640 1370 3713; x_wconf 79' lang='lat' dir='ltr'>dr</span> <span class='ocrx_word' id='word_1_266' title='bbox 1400 3632 1474 3729; x_wconf 78' lang='lat' dir='ltr'>jam</span> <span class='ocrx_word' id='word_1_267' title='bbox 1501 3634 1538 3709; x_wconf 91' lang='lat' dir='ltr'>io</span> <span class='ocrx_word' id='word_1_268' title='bbox 1568 3634 1639 3713; x_wconf 88' lang='lat' dir='ltr'>hoc</span> <span class='ocrx_word' id='word_1_269' title='bbox 1662 3634 1755 3712; x_wconf 79' lang='lat' dir='ltr'>salto</span> <span class='ocrx_word' id='word_1_270' title='bbox 1777 3633 1867 3710; x_wconf 89' lang='lat' dir='ltr'>srde</span> 
     </span>
    </p>

    <p class='ocr_par' dir='ltr' id='par_1_11' title="bbox 224 3753 1727 3867">
     <span class='ocr_line' id='line_1_28' title="bbox 224 3753 1727 3867; baseline 0 -36"><span class='ocrx_word' id='word_1_271' title='bbox 224 3860 231 3867; x_wconf 29' lang='lat'><strong>·</strong></span> <span class='ocrx_word' id='word_1_272' title='bbox 340 3755 576 3832; x_wconf 88' lang='lat' dir='ltr'>deuotionem</span> <span class='ocrx_word' id='word_1_273' title='bbox 598 3776 707 3854; x_wconf 88' lang='lat' dir='ltr'>quam</span> <span class='ocrx_word' id='word_1_274' title='bbox 733 3757 840 3833; x_wconf 87' lang='lat' dir='ltr'>beato</span> <span class='ocrx_word' id='word_1_275' title='bbox 872 3755 1033 3832; x_wconf 77' lang='lat' dir='ltr'>tanatum</span> <span class='ocrx_word' id='word_1_276' title='bbox 1054 3755 1187 3831; x_wconf 86' lang='lat' dir='ltr'>solebat</span> <span class='ocrx_word' id='word_1_277' title='bbox 1213 3756 1383 3831; x_wconf 87' lang='lat' dir='ltr'>exhibere</span> <span class='ocrx_word' id='word_1_278' title='bbox 1407 3753 1656 3832; x_wconf 82' lang='lat' dir='ltr'>demonstrans</span> <span class='ocrx_word' id='word_1_279' title='bbox 1679 3756 1727 3852; x_wconf 52' lang='grc' dir='ltr'>ἢ.</span> 
     </span>
    </p>
   </div>
   <div class='ocr_carea' id='block_1_5' title="bbox 331 3936 1863 4354">
    <p class='ocr_par' dir='ltr' id='par_1_12' title="bbox 331 3936 1863 4354">
     <span class='ocr_line' id='line_1_29' title="bbox 369 3936 1863 4093; baseline -0.001 -26"><span class='ocrx_word' id='word_1_280' title='bbox 369 4060 375 4067; x_wconf 88' lang='grc'><strong><em>,</em></strong></span> <span class='ocrx_word' id='word_1_281' title='bbox 436 3936 617 4069; x_wconf 84' lang='lat' dir='ltr'>Firmauit</span> <span class='ocrx_word' id='word_1_282' title='bbox 640 3991 716 4090; x_wconf 84' lang='lat' dir='ltr'>post</span> <span class='ocrx_word' id='word_1_283' title='bbox 736 3991 806 4068; x_wconf 87' lang='lat' dir='ltr'>hec</span> <span class='ocrx_word' id='word_1_284' title='bbox 827 4003 1070 4072; x_wconf 70' lang='lat' dir='ltr'>con-commane·</span> <span class='ocrx_word' id='word_1_285' title='bbox 1090 3995 1232 4093; x_wconf 79' lang='lat' dir='ltr'>consensa</span> <span class='ocrx_word' id='word_1_286' title='bbox 1250 4001 1346 4070; x_wconf 80' lang='lat' dir='ltr'>tortos</span> <span class='ocrx_word' id='word_1_287' title='bbox 1369 3998 1495 4090; x_wconf 79' lang='lat' dir='ltr'>capitali</span> <span class='ocrx_word' id='word_1_288' title='bbox 1516 3994 1595 4088; x_wconf 75' lang='lat' dir='ltr'>prod</span> <span class='ocrx_word' id='word_1_289' title='bbox 1617 3988 1824 4087; x_wconf 64' lang='lat' dir='ltr'>&gt;sapiendus</span> <span class='ocrx_word' id='word_1_290' title='bbox 1857 4031 1863 4055; x_wconf 71' lang='lat'><em>›</em></span> 
     </span>
     <span class='ocr_line' id='line_1_30' title="bbox 331 4111 1860 4215; baseline -0.001 -26"><span class='ocrx_word' id='word_1_291' title='bbox 331 4114 438 4215; x_wconf 64' lang='lat' dir='ltr'>sant,</span> <span class='ocrx_word' id='word_1_292' title='bbox 461 4134 505 4188; x_wconf 91' lang='lat' dir='ltr'>ac</span> <span class='ocrx_word' id='word_1_293' title='bbox 525 4113 675 4189; x_wconf 88' lang='lat' dir='ltr'>demum</span> <span class='ocrx_word' id='word_1_294' title='bbox 704 4111 741 4186; x_wconf 90' lang='lat' dir='ltr'>se</span> <span class='ocrx_word' id='word_1_295' title='bbox 765 4115 812 4188; x_wconf 83' lang='lat' dir='ltr'>ad</span> <span class='ocrx_word' id='word_1_296' title='bbox 841 4112 912 4187; x_wconf 83' lang='lat' dir='ltr'>alia</span> <span class='ocrx_word' id='word_1_297' title='bbox 942 4114 1148 4189; x_wconf 81' lang='lat' dir='ltr'>monasterii</span> <span class='ocrx_word' id='word_1_298' title='bbox 1181 4135 1290 4210; x_wconf 87' lang='lat' dir='ltr'>opera</span> <span class='ocrx_word' id='word_1_299' title='bbox 1312 4114 1516 4211; x_wconf 86' lang='lat' dir='ltr'>peragenda</span> <span class='ocrx_word' id='word_1_300' title='bbox 1540 4111 1739 4194; x_wconf 88' lang='lat' dir='ltr'>conuertit,</span> <span class='ocrx_word' id='word_1_301' title='bbox 1769 4112 1860 4188; x_wconf 92' lang='lat' dir='ltr'>imm</span> 
     </span>
     <span class='ocr_line' id='line_1_31' title="bbox 342 4230 1847 4354; baseline 0.001 -45"><span class='ocrx_word' id='word_1_302' title='bbox 342 4232 493 4309; x_wconf 88' lang='lat' dir='ltr'>domino</span> <span class='ocrx_word' id='word_1_303' title='bbox 519 4230 639 4308; x_wconf 86' lang='lat' dir='ltr'>nostro</span> <span class='ocrx_word' id='word_1_304' title='bbox 662 4232 743 4331; x_wconf 82' lang='lat' dir='ltr'>Jesu</span> <span class='ocrx_word' id='word_1_305' title='bbox 765 4233 852 4307; x_wconf 87' lang='lat' dir='ltr'>XPo</span> <span class='ocrx_word' id='word_1_306' title='bbox 874 4233 1009 4328; x_wconf 78' lang='lat' dir='ltr'>gratias</span> <span class='ocrx_word' id='word_1_307' title='bbox 1032 4255 1144 4329; x_wconf 86' lang='lat' dir='ltr'>agens</span> <span class='ocrx_word' id='word_1_308' title='bbox 1166 4256 1231 4331; x_wconf 92' lang='lat' dir='ltr'>pro</span> <span class='ocrx_word' id='word_1_309' title='bbox 1252 4234 1426 4312; x_wconf 80' lang='lat' dir='ltr'>omnibus</span> <span class='ocrx_word' id='word_1_310' title='bbox 1449 4230 1637 4354; x_wconf 69' lang='lat' dir='ltr'>beneficiis</span> <span class='ocrx_word' id='word_1_311' title='bbox 1659 4230 1751 4330; x_wconf 80' lang='lat' dir='ltr'>ejus.</span> <span class='ocrx_word' id='word_1_312' title='bbox 1815 4233 1847 4310; x_wconf 94' lang='lat' dir='ltr'>C</span> 
     </span>
    </p>
   </div>
   <div class='ocr_carea' id='block_1_6' title="bbox 338 4349 1271 4448">
    <p class='ocr_par' dir='ltr' id='par_1_13' title="bbox 338 4349 1271 4448">
     <span class='ocr_line' id='line_1_32' title="bbox 338 4349 1271 4448; baseline 0.003 -22"><span class='ocrx_word' id='word_1_313' title='bbox 338 4351 461 4438; x_wconf 82' lang='lat' dir='ltr'>bonor</span> <span class='ocrx_word' id='word_1_314' title='bbox 483 4349 656 4448; x_wconf 81' lang='lat' dir='ltr'>&amp;gloria</span> <span class='ocrx_word' id='word_1_315' title='bbox 678 4350 718 4430; x_wconf 92' lang='lat' dir='ltr'>in</span> <span class='ocrx_word' id='word_1_316' title='bbox 740 4350 856 4431; x_wconf 85' lang='lat' dir='ltr'>secula</span> <span class='ocrx_word' id='word_1_317' title='bbox 879 4350 1087 4433; x_wconf 86' lang='lat' dir='ltr'>seculorum.</span> <span class='ocrx_word' id='word_1_318' title='bbox 1136 4351 1271 4434; x_wconf 76' lang='lat' dir='ltr'>tinen.</span> 
     </span>
    </p>
   </div>
   <div class='ocr_carea' id='block_1_7' title="bbox 384 4716 674 4808">
    <p class='ocr_par' dir='ltr' id='par_1_14' title="bbox 384 4716 674 4808">
     <span class='ocr_line' id='line_1_33' title="bbox 384 4716 674 4808; baseline 0.003 -19"><span class='ocrx_word' id='word_1_319' title='bbox 384 4722 419 4806; x_wconf 78' lang='lat'>⁸)</span> <span class='ocrx_word' id='word_1_320' title='bbox 439 4722 489 4789; x_wconf 81' lang='lat' dir='ltr'>Dr</span> <span class='ocrx_word' id='word_1_321' title='bbox 506 4740 563 4806; x_wconf 79' lang='lat' dir='ltr'>quo</span> <span class='ocrx_word' id='word_1_322' title='bbox 583 4716 674 4808; x_wconf 75' lang='lat' dir='ltr'>iufra.</span> 
     </span>
    </p>
   </div>
   <div class='ocr_carea' id='block_1_8' title="bbox 0 0 1872 5157">
    <p class='ocr_par' dir='ltr' id='par_1_15' title="bbox 0 0 1872 5157">
     <span class='ocr_line' id='line_1_34' title="bbox 0 0 1872 5157; baseline 0 0"><span class='ocrx_word' id='word_1_323' title='bbox 0 0 1872 5157; x_wconf 95' lang='lat' dir='ltr'> </span> 
     </span>
    </p>
   </div>
  </div>
 </body>
</html>
