3736 5160
131 218 204 316 42⁶
650 150 655 163 .
731 213 1149 306 emme

134 392 207 474 wir
237 388 335 467 seruo
360 388 465 466 erice
487 387 668 466 mawron
689 390 867 486 galiugen
895 389 1029 467 wuren
1061 412 1108 465 zu
1135 386 1307 466 moereo
1329 366 1525 486 geuuge-
1557 389 1719 473 oanni
1760 351 1767 367 “

133 512 280 593 vander
298 510 385 587 stntt
408 508 595 588 munchen
618 509 691 584 den
709 531 769 603 30.
792 508 992 586 December
1017 509 1089 588 Ao.
1110 531 1168 608 94
1190 508 1375 587 Wilhelm.
1399 508 1554 607 Mppria.
1578 509 1615 607 ')

226 749 284 824 De
304 745 498 830 aediliciis,
524 764 617 842 quae
638 745 695 823 vel
710 744 906 823 construxit
926 744 982 824 vel
998 745 1151 822 restituit
1165 745 1292 822 Abbaa
1311 744 1508 841 Georgius,
1530 746 1638 841 'longe
1656 746 1722 826 loru

129 866 329 946 distinttius
342 888 517 942 marture.
564 862 649 939 Hoc
663 863 777 941 solum
790 865 929 951 diemo,
954 868 1053 966 quod
1070 865 1167 965 quasi
1182 863 1384 940 futurorum
1400 864 1576 962 praescius
1589 878 1724 961 parentes

128 988 248 1084 magis
266 986 422 1062 hollium
447 981 644 1060 inmrfibua
672 980 776 1060 villos
800 996 909 1082 atque
926 983 1073 1084 praedic
1098 983 1319 1070 vendiderit,
1350 982 1504 1071 tutiora,
1526 985 1623 1083 quod
1649 1008 1724 1084 prae

126 1107 218 1189 stitit
232 1106 363 1190 etiam,
388 1114 564 1179 emturun
614 1102 901 1203 „Praeterquam
918 1104 1019 1180 enim
1033 1103 1131 1202 quod
1154 1101 1294 1179 summa
1313 1103 1550 1178 contentione
1570 1103 1724 1190 laborarit,

129 1238 200 1317 „vt
215 1226 393 1325 Brigantii
419 1221 458 1297 in
472 1221 573 1309 loco,
593 1243 703 1318 quem
730 1220 768 1300 S.
796 1221 894 1298 Gclli
912 1223 1055 1323 lapidem
1076 1232 1227 1303 vocant,
1251 1220 1508 1299 Beoediliinoc
1526 1220 1726 1322 institueret:

130 1346 273 1436 „etiam
294 1344 332 1419 in
362 1341 461 1424 loco,
485 1337 549 1437 qui
578 1339 806 1438 Hcsenweiler
826 1341 983 1430 dicitur,
1015 1361 1153 1419 nouum
1179 1337 1257 1437 (fic
1281 1337 1402 1414 scribit
1421 1341 1467 1416 ad
1489 1364 1626 1419 anuum
1647 1350 1725 1422 rior.

127 1466 202 1554 .,R.
227 1463 268 1539 P.
291 1459 492 1542 Bucelinua
523 1457 666 1555 noller)
692 1458 812 1536 moliri
836 1444 1054 1539 coenobium
1078 1457 1256 1554 aggrellua
1285 1484 1351 1558 pro
1379 1455 1571 1562 epeccoribus
1594 1466 1727 1550 munim

123 1598 226 1693 „cnm
253 1585 288 1656 in
303 1578 440 1687 studiis,
465 1602 562 1676 mum
581 1603 646 1678 pro
674 1578 776 1680 fitero
811 1577 973 1657 tribtmoli
1001 1579 1040 1658 dr
1069 1576 1237 1656 Catiedrc
1270 1579 1481 1659 exercendisc
1514 1579 1729 1660 dedofflsu

126 1703 296 1792 „tetium
316 1707 433 1796 voque
458 1695 555 1775 binis
574 1695 680 1792 juxta
701 1720 822 1774 arcem
849 1696 1037 1775 aediliciis.
1086 1696 1208 1773 Morte
1231 1696 1417 1793 abreptus,
1441 1696 1621 1773 successori
1643 1698 1729 1775 Fron·

112 1822 250 1912 ·„c1lco
285 1816 338 1895 rei
369 1816 629 1898 absolutionem
658 1817 945 1895 commendauit.
1006 1816 1126 1916 Quem
1160 1826 1299 1898 tameo
1321 1814 1395 1891 huc
1431 1838 1547 1915 osque
1578 1817 1727 1915 procellae

126 1959 373 2032 „communen
391 1936 524 2034 jaltare
543 1958 619 2012 nou
647 1935 870 2012 destiterunt.
935 1935 1099 2012 Maxime
1129 1946 1251 2010 autem
1275 1934 1310 2011 le
1329 1932 1400 2009 luis
1422 1934 1461 2011 δι
1487 1935 1659 2012 secum
1627 1958 1729 2013 vineo·

115 2060 246 2148 tibus,
289 2056 345 2135 dc·
356 2055 433 2154 post
464 2077 550 2133 eum
580 2050 744 2133 venturis
775 2062 854 2131 tam
885 2053 1059 2153 Emtiooe
1096 2053 1346 2153 Blemmeggii‚
1385 2076 1494 2150 quam
1518 2054 1631 2132 etiem
1661 2080 1728 2133 ono-

117 2179 315 2258 unitione
335 2172 499 2253 Asceteri
529 2173 636 2261 Velut
636 2168 807 2274 irrienfis,
829 2171 890 2253 vbi
909 2196 1006 2250 auno
1034 2181 1139 2272 1617.
1164 2170 1288 2249 Paullo
1316 2173 1361 2252 V
1387 2170 1633 2250 consentiente
1651 2176 1726 2255 Pric-

123 2302 245 2377 ratum
269 2292 442 2381 instituit,
478 2292 776 2375 commendauitt
812 2292 957 2391 eoquod
991 2292 1084 2368 haec
1112 2290 1211 2379 loca,
1246 2302 1372 2391 utpote
1400 2290 1437 2366 in
1467 2292 1558 2367 nolle
1582 2293 1724 2396 Drofino

124 2416 213 2503 lito,
252 2425 376 2493 tutum
404 2413 534 2493 nostrin
567 2435 590 2489 a
621 2411 751 2491 militia
785 2410 929 2491 Suecici
955 2411 1076 2490 furore
1101 2396 1316 2512 praefid'ium
1345 2410 1426 2491 vice
1454 2411 1547 2511 plus
1578 2434 1644 2489 uua
1675 2414 1726 2491 le·

124 2536 258 2618 terim.

220 2774 370 2851 Sacram
394 2766 668 2869 suppelleliilem
702 2765 756 2843 ita
779 2764 907 2873 auxitp
937 2775 978 2844 nt
1012 2764 1182 2864 pleraque
1217 2764 1354 2841 sacrmii
1390 2756 1499 2843 nostri
1537 2776 1728 2849 omamuota

120 2895 206 2993 ejus
230 2890 405 2971 Industria
428 2889 488 2968 vel
509 2887 653 2994 mugnis
678 2885 854 2963 sumtibus
879 2886 1043 2964 confetta
1068 2896 1133 2960 out
1158 2885 1402 2980 redintegrata
1428 2885 1508 2963 ssot.

113 3112 119 3123 ⁹
221 3133 333 3210 Anno
361 3134 467 3225 1⁶23.
492 3125 618 3204 Abbaa
646 3123 825 3218 Georgius
852 3121 983 3200 iterum
1008 3121 1046 3197 iu
1076 3144 1225 3220 grauem
1259 3124 1426 3200 morbum
1459 3124 1616 3213 incidit,
1646 3126 1730 3205 nina

122 3276 213 3331 nour
202 3245 388 3328 Abbatia
410 3245 472 3323 Pet
457 3244 620 3346 triiosooi
647 3241 848 3329 Medione,
882 3242 928 3317 ad
956 3263 1066 3339 quam
1094 3241 1192 3317 seriis
1216 3240 1367 3318 Litteris
1389 3242 1430 3335 h)
1454 3267 1503 3317 ex
1529 3245 1655 3323 Castro
1675 3247 1730 3323 ile

121 3376 195 3471 'goe
228 3390 260 3463 5
288 3369 387 3465 May.
419 3366 516 3443 datia
554 3366 599 3440 ab
638 3362 812 3461 Episcopo
844 3358 982 3466 jacobo
1016 3371 1165 3439 nanctus
1200 3361 1343 3442 fuerat
1393 3362 1549 3441 domum
1581 3364 1729 3471 reuersus

123 3489 195 3568 Cui
219 3489 318 3563 idem
345 3483 485 3561 Praestri
510 3483 672 3560 dolorem
700 3482 799 3557 suum
832 3480 973 3577 propria
1015 3502 1126 3555 manu
1162 3480 1381 3557 contestatur
1408 3480 1445 3579 i)
1479 3488 1622 3565 oedurn
1653 3486 1729 3569 lua.

121 3610 183 3688 'sed
208 3610 247 3688 dt
273 3606 388 3683 totius
410 3603 507 3681 Cleri
533 3597 794 3677 Constautrens
783 3620 814 3674 s
835 3620 960 3696 preces
981 3596 1111 3685 offert,
1145 3612 1254 3699 atque
1270 3600 1419 3677 taudem
1441 3602 1614 3697 pristinae
1636 3604 1727 3682 rulu

123 3726 266 3807 sanitati
294 3723 456 3802 restituto
478 3720 590 3797 vitam
608 3720 818 3794 diuturnam
842 3721 880 3797 dr
909 3719 1072 3816 sospitem
1099 3716 1199 3793 filiali
1224 3717 1307 3795 sane
1331 3719 1490 3820 tripudio
1509 3722 1722 3826 precatori).

123 3846 241 3946 Datne
265 3845 346 3923 sunt
360 3843 519 3919 Litterae
549 3837 761 3939 Morispurgi
788 3848 842 3920 28.
867 3833 1079 3913 Decembris
1102 3844 1206 3937 ¹⁶23·

1642 4079 1733 4161 Amo

162 4301 202 4386 e)
221 4300 300 4369 m
319 4299 452 4370 netto,
467 4314 527 4379 quo
543 4293 681 4379 ottofiocc
704 4290 746 4359 cd
764 4309 874 4358 mmor
892 4291 933 4360 Ρ.
953 4276 1066 4359 Rcdeii
1085 4297 1197 4360 uenerit
1209 4293 1341 4381 sigilium
1360 4294 1485 4383 Μή
1504 4296 1674 4378 Quelloolc
1692 4295 1731 4367 lv.

230 4404 307 4496 quod
325 4400 484 4489 mismo
451 4422 484 4466 m
502 4421 553 4467 ces
572 4397 693 4486 incisum
711 4396 881 4485 miglpicitor
899 4400 979 4484 orig.
1003 4397 1100 4486 Quoif.
1133 4400 1212 4468 Toni.
1238 4400 1286 4468 ll.
1308 4419 1383 4487 pag.
1404 4420 1526 4484 279.

39 4602 48 4617 ⁸
163 4589 558 4680 bo.)ng1..fol153
678 4584 1734 4685 i).T.omcodsol168.datceluut3.yuiiiexcqlrndo·

223 4700 347 4787 [9999.
455 4697 491 4772 k)
517 4694 598 4761 Toou.
624 4694 685 4761 oc
718 4691 775 4778 fol.
800 4705 872 4778 178.
962 4776 974 4789 Ι
