3736 5160
709 258 1133 353 40&th
1259 354 1262 361 Ι
1666 267 1733 348 erp

122 443 258 541 pendo,
297 449 337 513 ut
361 448 448 513 torte
465 436 693 535 ,confermatam
726 460 781 533 que
805 440 906 527 Θ-ίη
929 430 986 511 lrec
1009 437 1053 522 8
1077 442 1113 510 e'n
1138 452 1324 527 saonem
1348 429 1581 532 nrnsoffin‘ord
1602 432 1736 506 odron·
1798 514 1802 529 ,

68 560 72 601 l
125 562 339 643 mumdum,
373 580 482 655 corpus
504 560 618 633 dominu
641 564 674 633 in
698 577 935 632 eonceoaurr
958 575 1149 631 nominee
1175 574 1447 640 amanvenvu,
1479 548 1562 627 torn
1590 575 1659 624 eum
1685 556 1737 626 ello

123 686 198 759 leur
217 683 297 777 qnod
321 682 362 754 od
381 681 502 775 presens
532 679 575 771 esi
604 679 817 774 consecretur.
889 673 988 752 Infra
1010 674 1150 751 millam
1171 690 1320 771 puaperer
1348 697 1460 774 quarn
1496 670 1736 747 familiaribus

122 826 216 901 qnam
253 796 429 876 fratribus
466 797 633 892 deputati
667 794 859 883 claullmm
891 817 957 893 per
987 797 1133 870 dernuon
1161 798 1232 868 celle
1261 791 1454 870 introduiii
1479 792 1532 869 ita
1554 790 1737 867 considere
1791 830 1798 839 =

119 919 283 1019 iubentur.
347 917 551 991 &menum
574 940 684 1013 apem
709 913 747 992 δι
770 921 863 991 sorren
887 914 926 991 &
948 917 1087 989 renerus
1113 918 1151 992 de
1175 912 1334 1012 quelibet
1358 910 1549 991 necesaria
1574 914 1621 989 ad
1645 908 1737 991 illud

118 1045 283 1117 moenem
307 1049 491 1137 preparat,
515 1041 655 1112 edumas
668 1046 776 1133 pernen
799 1035 1016 1128 ommimstrcr.
1067 1034 1223 1120 Quando
1249 1029 1365 1129 Agnus
1383 1039 1431 1108 ree·
1453 1034 1596 1110 canitur
1619 1034 1737 1108 lbrme

116 1158 237 1237 iterum
262 1156 512 1256 explicantur,
538 1155 664 1233 altaria
690 1178 836 1255 qnoque
864 1154 989 1232 omnia
1007 1164 1111 1253 preter
1135 1156 1316 1261 domnorum
1336 1158 1547 1239 mortue,
1571 1151 1652 1248 ejus
1673 1172 1737 1229 ve·

115 1304 144 1357 ro
162 1276 373 1356 denudacio
400 1298 515 1374 voque
544 1276 635 1352 dnm
668 1274 833 1352 sacerdos
875 1275 1034 1353 discedat
1070 1271 1243 1350 differtur.
1318 1274 1381 1349 Per
1409 1275 1482 1371 istos
1508 1285 1638 1369 manner
1671 1276 1736 1344 dees

114 1410 263 1499 cuiquem
279 1398 427 1494 fratrum
445 1400 663 1473 commertium
685 1416 745 1471 που
767 1396 917 1493 nonfuit,
962 1391 1107 1487 niens
1128 1397 1213 1471 etur
1235 1398 1296 1470 tole
1327 1397 1400 1492 preld
1430 1397 1593 1469 domnionis
1620 1392 1736 1466 occide·

115 1529 162 1598 nl:
190 1522 233 1599 de
262 1530 388 1595 tamen
414 1540 478 1617 per
500 1516 569 1592 hos
592 1528 668 1591 tres
693 1515 774 1592 dies
793 1534 860 1615 pre
882 1540 943 1592 nore
964 1518 1079 1597 detur,
1107 1511 1196 1589 ficut
1219 1535 1320 1588 Luem
1346 1520 1526 1590 onorirvn
1550 1512 1734 1589 testantur.

116 1641 257 1727 Quando
286 1639 400 1715 tercia
435 1636 512 1712 vice
536 1633 652 1731 Agnus
675 1640 725 1711 del
749 1635 907 1722 curritur,
950 1656 1056 1710 noue
1090 1654 1201 1709 noune
1233 1654 1357 1711 racem
1391 1658 1466 1708 non
1500 1630 1735 1730 subjungitur.

116 1760 279 1859 lesperos
303 1758 380 1856 poli
404 1756 544 1833 missam
567 1751 656 1831 sicut
680 1777 745 1851 per
769 1767 885 1831 totam
910 1754 987 1834 XL.
1011 1749 1225 1830 differimus.
1291 1750 1395 1829 Missa
1420 1775 1507 1830 cum
1532 1771 1736 1829 cunculca-

113 1902 175 1956 rens
201 1899 365 1955 ooumo
390 1875 580 1965 clauditur.
654 1877 811 1958 Quando
833 1873 911 1970 post
933 1872 1141 1950 oracionem
1171 1892 1228 1973 per
1259 1876 1412 1950 ennium
1442 1874 1575 1967 russeum
1606 1870 1736 1968 incipi·

111 2014 181 2088 tur,
206 2024 231 2077 a
255 1998 406 2075 custode
433 1994 579 2072 ecclesie
604 1998 710 2070 teloio
733 1995 813 2072 vice
829 1996 918 2091 stille
940 1994 1083 2070 tamdiu
1107 1993 1307 2091 percutitur
1334 1995 1453 2089 donec
1484 1992 1604 2069 oracio
1632 1990 1737 2068 linia·

114 2134 178 2197 tur.
225 2112 396 2194 Pollbinc
421 2140 534 2213 vsque
559 2115 607 2193 ad
633 2116 741 2191 Gloria
766 2122 800 2190 e'rr
824 2113 944 2208 anelis
968 2112 1007 2188 in
1036 2113 1181 2193 sabbato
1204 2114 1327 2192 nullus
1349 2114 1436 2211 infru
1460 2114 1519 2192 vel
1540 2124 1630 2189 extro
1651 2117 1735 2188 olore·

114 2240 212 2333 seron
235 2236 344 2315 rtitur
367 2239 471 2335 oſsele.
529 2238 678 2312 Sacerdos
703 2259 772 2309 curn
797 2242 879 2311 nnn
902 2237 1062 2330 diligencie
1086 2252 1196 2333 corpu
1218 2238 1398 2313 dnrurrlrorn
1422 2237 1556 2312 recondit
1568 2236 1664 2332 stepen
1686 2238 1737 2309 et«

120 2372 195 2447 tere,
217 2361 294 2455 perd
314 2360 356 2458 esi
379 2369 463 2432 retro
481 2362 666 2455 pn'rrclpele,
695 2352 926 2430 leecermrrrns
956 2378 1026 2428 nero
1051 2356 1211 2444 ceren&
1228 2360 1362 2455 plurim
1385 2356 1516 2454 imenso,
1549 2364 1735 2432 conuentu

114 2478 252 2555 interim
278 2477 428 2555 sedente
465 2476 503 2552 in
529 2475 659 2560 choro.
710 2475 842 2552 eodem
874 2473 1001 2550 ordine
1025 2497 1097 2574 quo
1122 2475 1162 2554 &
1189 2476 1237 2552 ad
1260 2474 1400 2553 millam
1423 2488 1502 2554 erat
1524 2476 1730 2563 ordinatus,

114 2620 264 2701 noxque
298 2599 348 2674 ad
372 2597 473 2674 idem
502 2597 614 2672 altene
647 2603 747 2671 lernen
776 2596 940 2693 ponitur,
981 2599 1149 2693 quendum
1177 2601 1511 2675 enumeraturus
1539 2604 1747 2705 errle'nguilrer⁸

116 2720 268 2819 &popae
289 2726 538 2815 non‘repner'tnr.
592 2716 782 2814 Postquam
803 2715 954 2791 ministri
984 2713 1107 2792 altaris
1133 2716 1167 2792 se
1191 2718 1374 2805 exuerint,
1405 2719 1583 2815 prioribus
1610 2724 1733 2813 prece-

117 2838 301 2926 dentibus,
335 2836 513 2913 domnum
535 2838 716 2914 Abbotem
744 2858 874 2909 omnes
899 2835 1065 2912 secuntur
1085 2839 1125 2909 ed
1146 2842 1325 2912 namnum
1347 2858 1514 2936 pneperrepr
1540 2859 1624 2914 cuni
1648 2836 1731 2935 psal.

120 2956 259 3056 lipirere
285 2964 355 3032 rerer‘.
406 2956 595 3055 Postquam
622 2968 748 3031 autem
775 2954 972 3031 ordinatim
1002 2955 1243 3047 constiterint,
1282 2957 1353 3054 ipse
1376 2959 1536 3033 domnus
1560 2959 1668 3034 abbas
1691 2956 1733 3034 in

119 3086 206 3176 plne
228 3077 344 3174 frome
367 3094 537 3177 pauperem
568 3074 781 3151 constitutus
812 3072 908 3149 hanc
938 3073 1103 3174 imponit.
1151 3116 1212 3183 7-,
1262 3077 1417 3153 Dorelruu
1434 3075 1541 3177 Jesur.
1590 3078 1633 3152 ln
1657 3100 1732 3175 quo
1803 3154 1809 3163 ,

123 3200 218 3278 verbo
240 3203 396 3273 uniens
418 3201 555 3272 ernanus
570 3206 672 3294 pune
701 3193 894 3271 inchoatur
919 3199 1117 3285 eremmon,
1141 3196 1179 3275 ἀ
1202 3201 1265 3273 sins
1289 3197 1328 3275 dc
1351 3202 1415 3272 einr
1446 3198 1483 3274 in
1507 3208 1611 3297 parte
1627 3200 1738 3298 senio'

123 3342 198 3408 nnn,
223 3321 261 3399 dt
279 3324 390 3391 mnne
418 3320 457 3394 de
486 3327 611 3411 tergum
636 3319 674 3393 dt
698 3316 880 3412 osculentur.
948 3314 1128 3393 Similiter
1156 3317 1193 3391 in
1220 3327 1321 3414 parte
1335 3320 1494 3412 jnenrom
1516 3321 1651 3414 agitur,
1691 3302 1763 3399 &¹

123 3441 171 3515 col
200 3437 355 3539 quisque
382 3436 513 3512 lauerit
546 3434 631 3511 huic
662 3456 807 3531 quoqne
832 3435 959 3530 tergit,
1003 3435 1186 3533 accipiens
1207 3437 1252 3515 ab
1277 3435 1339 3511 illo
1362 3436 1542 3514 lintheum
1567 3439 1630 3539 qui
1655 3440 1733 3536 poli

123 3558 222 3636 ieest
247 3558 458 3643 lanaturue,
493 3554 764 3635 &comminus
790 3556 836 3631 ab
864 3555 945 3639 illo,
988 3556 1034 3633 ab
1061 3555 1128 3632 ilio
1151 3581 1215 3633 vas
1243 3580 1329 3633 curn
1356 3580 1451 3656 aqua
1478 3582 1587 3658 qnam
1616 3558 1732 3637 elsnn·

77 3670 92 3681 ”
122 3680 193 3765 dat,
217 3677 326 3755 eliam
347 3676 409 3752 sno
430 3675 579 3774 pauperi
604 3674 788 3749 allaturus.
851 3676 943 3751 Mox
969 3678 1103 3752 tercius
1131 3678 1168 3753 in
1202 3678 1330 3753 ordine
1354 3678 1533 3756 lintheum
1568 3704 1589 3754 a
1612 3681 1731 3778 primo

124 3799 259 3898 recipit,
295 3797 394 3896 quod
415 3796 549 3871 iterum
575 3797 640 3893 q'eu
667 3790 791 3870 irenem
819 3796 880 3892 qui
912 3805 1001 3871 tunc
1023 3796 1123 3873 lauat
1145 3796 1303 3894 inponit,
1342 3798 1486 3899 ipseque
1508 3812 1639 3877 mutuo
1664 3821 1731 3881 var

124 3917 164 3995 de
180 3930 274 3995 terra
307 3914 440 3991 tollens
471 3936 603 4015 aquam
631 3926 795 4013 apportat
838 3917 876 3993 dr
915 3915 966 3990 ita
996 3916 1038 3991 fit
1078 3940 1140 4014 per
1164 3917 1333 4015 reliquos.
1395 3923 1492 3998 Sunt
1521 3935 1644 3998 antem
1670 3926 1732 3999 dne

125 4042 185 4137 rese
205 4060 297 4136 aque
318 4035 355 4111 io
379 4050 530 4133 vterque
553 4048 654 4131 parte
679 4034 817 4110 claustri
843 4032 954 4132 posta
980 4038 1018 4114 dr
1043 4036 1148 4132 juxta
1175 4049 1365 4136 verumque
1389 4067 1485 4118 unus
1514 4043 1730 4121 fraternum

126 4158 290 4258 eccequi
325 4148 518 4254 minuique
547 4154 737 4230 accedenti
766 4179 897 4252 aquam
923 4154 1186 4235 sumministrat.
1253 4160 1418 4237 Pendent
1440 4165 1557 4241 eciam
1579 4163 1628 4234 itn
1655 4164 1730 4239 duo
1860 4212 1863 4217 -

126 4286 319 4375 mugio,
342 4287 384 4355 vt
414 4276 567 4373 quisque
597 4274 673 4371 post
699 4271 925 4354 lauacionem
952 4279 1086 4375 pedum
1116 4281 1259 4354 rediens
1281 4280 1441 4376 propriae
1468 4307 1600 4361 manus
1632 4278 1731 4364 laniet

131 4396 302 4495 denegnt.
359 4395 432 4480 Qui
453 4407 578 4470 minen
607 4392 737 4497 iratres
759 4395 899 4494 aliquos
921 4398 968 4474 de
997 4396 1070 4473 biis
1102 4398 1165 4495 qui
1189 4411 1274 4473 ante
1302 4396 1469 4478 lauerunt
1493 4402 1646 4482 vicarios
1672 4406 1732 4484 in·

130 4494 422 4621 terinpre'cipiunt
447 4515 566 4592 donec
591 4516 630 4592 dr
660 4514 724 4611 ipse
751 4538 774 4590 a
802 4515 943 4596 suornm
975 4541 1174 4620 pauperum
1200 4517 1388 4599 leodelene
1412 4525 1577 4602 redeant.
1634 4524 1732 4622 Infir-

133 4642 167 4709 al
182 4644 214 4715 lo
231 4622 445 4737 enprorsus
462 4640 646 4735 perpetues
670 4635 884 4716 officiuntur.

1000 4760 1079 4857 Pa
1450 4750 1844 4885 ·'Denr⁸
