3736 5160
679 280 1099 375 *me
1623 290 1699 377 eti

70 458 288 560 paratiriima
314 458 423 537 Pater
443 460 679 545 Reuerendo..
712 463 759 537 liu·
779 459 886 535 Prior
903 459 1098 557 plurimum
1128 456 1358 537 enemente.
1419 456 1697 565 praeproperam

72 583 109 661 dt
142 580 369 680 inopinatam
398 578 476 655 RR.
499 581 569 653 l’l’.
599 568 637 659 dr
663 578 693 655 F
694 577 740 655 F..
762 578 956 656 vestrorum
981 581 1237 655 runcationem
1265 602 1340 653 non
1368 574 1441 652 sure
1473 598 1607 674 magua
1635 574 1698 650 ad·

74 700 274 787 miratione
295 698 464 795 percepit
489 699 623 774 dubius
643 697 789 773 interim
816 696 974 773 haerens
997 718 1113 793 egoue
1141 698 1199 775 vel
1224 696 1292 772 ΡΡ.
1314 696 1353 773 dc
1376 694 1445 772 Fs.
1462 696 1537 773 mei
1559 694 1699 770 inoom·

68 816 245 899 moditeti
258 814 484 893 huicansa'm
503 816 668 913 aliquam
678 814 942 915 praebuerint?
977 830 1017 891 at
1038 815 1195 891 Litteras
1218 816 1264 891 R.
1288 815 1334 892 V.
1358 812 1571 911 diligentius
1594 808 1700 909 inspi-

68 938 209 1013 ciendo
231 934 379 1010 tandem
406 936 470 1026 (vt
492 934 643 1010 firmiter
666 936 781 1027 reor)
805 934 908 1021 talia,
943 945 1091 1031 tamque
1115 937 1250 1022 ardua,
1290 932 1598 1011 Reuerendilsrm'o
1624 951 1700 1009 ee·

62 1054 153 1139 liro,
176 1054 319 1151 totique
341 1051 534 1130 venerabili
550 1052 757 1157 Conueutui
772 1050 931 1133 incidisse
944 1054 1102 1149 negotia,
1128 1053 1257 1149 quibua
1278 1050 1517 1149 expediendis
1533 1048 1700 1127 omnium

58 1174 154 1249 RR.
180 1170 248 1246 ΡΡ.
273 1170 547 1247 conuocatione
568 1164 777 1249 &matura
801 1170 1059 1247 deliberatione
1092 1194 1184 1269 opus
1214 1170 1255 1248 dr
1291 1166 1472 1247 necessum
1503 1167 1556 1245 srt
1621 1168 1704 1255 Qut

58 1302 203 1369 tamen
226 1289 264 1364 in
288 1300 390 1387 parte
411 1288 583 1367 libentius
606 1292 623 1382 (
629 1288 835 1388 praesertim
858 1301 1022 1386 tempore
1046 1301 1124 1366 tam
1145 1290 1353 1389 importuno
1381 1290 1420 1367 dt
1449 1288 1546 1387 quast
1567 1284 1607 1363 id
1631 1274 1705 1364 Re·

54 1406 309 1489 donnationi·
328 1406 475 1504 medio)
503 1407 729 1489 Reuerendis
760 1408 829 1485 PP.
857 1408 1001 1496 mitris,
1018 1408 1116 1487 mibi
1137 1411 1175 1488 dr
1196 1408 1293 1485 meis
1318 1406 1454 1506 pallum
1481 1405 1618 1494 suiset.
1651 1404 1706 1485 vi·¹

57 1528 218 1611 diffem.
248 1524 414 1615 ,lntedrn
436 1540 561 1603 tamen
589 1528 727 1623 optima
754 1528 813 1625 spe
829 1528 975 1616 meua,
997 1528 1080 1603 illos
1096 1526 1254 1622 negotiis
1272 1524 1445 1603 consestis
1472 1526 1514 1603 dc
1530 1523 1603 1601 line
1625 1523 1706 1601 lon'·

57 1648 170 1749 giesi
209 1666 331 1731 mora,
369 1646 563 1723 commode
591 1648 639 1723 ad
668 1670 738 1721 nos
760 1650 988 1727 reuersuros·
1030 1666 1158 1721 eorum
1189 1645 1290 1722 enim
1310 1642 1541 1743 praesentia,
1578 1656 1715 1743 opat,

55 1764 229 1853 confilio
258 1785 334 1840 non
365 1765 479 1841 modo
509 1776 654 1863 propter
677 1765 876 1851 Noouios,
905 1788 1032 1843 serum
1052 1762 1168 1842 etiarn
1193 1765 1241 1840 ob
1263 1764 1444 1862 quaedam
1470 1762 1542 1839 alia
1565 1764 1613 1839 ad
1635 1762 1707 1841 Re·

61 1881 340 1965 formationem
363 1882 649 1962 continuandam
673 1884 866 1961 necesario
892 1882 1080 1983 requisita,
1108 1881 1263 2055 longiori
1291 1894 1456 1980 tempore
1473 1881 1708 1981 indigemus

66 2008 123 2089 de
148 2002 283 2103 quibru
306 1999 450 2175 ipsimet
471 2024 596 2081 eoram
618 2002 731 2103 plura.

186 2238 380 2337 Eapropter
421 2160 774 2323 Reuerendilfimum
808 2240 1009 2319 Dominum
1054 2170 1211 2321 velbutrl
1253 2166 1456 2319 praesulem
1507 2238 1710 2319 Domuum

81 2380 213 2437 meum
235 2357 536 2455 gratiosissimum,
559 2362 818 2439 Reuerentiam
843 2362 1019 2448 vestram,
1045 2360 1274 2458 reliquosque
1298 2360 1512 2439 venerabilis
1540 2360 1712 2437 Conuen-

82 2492 146 2555 tus
177 2478 320 2565 Fratres
340 2477 529 2554 humiliter
554 2483 593 2559 dr
624 2481 757 2557 obnixe
779 2494 926 2577 rogatos
951 2480 1057 2568 volo,
1081 2503 1175 2578 opus
1204 2491 1281 2557 tam
1305 2481 1459 2556 arduum
1487 2479 1526 2557 dr
1550 2477 1712 2557 maxime

84 2596 229 2689 lien&
252 2596 318 2673 SS.
335 2595 434 2673 Patri
456 2599 575 2676 nostro
595 2600 795 2681 Beneditto.
824 2612 988 2697 natum,
1018 2600 1110 2677 mibi
1134 2600 1173 2676 dt
1198 2598 1415 2677 Monasterio
1440 2597 1624 2676 commisso
1646 2616 1713 2672 ne·

86 2714 334 2810 paliarium&
360 2717 529 2811 perutile,
554 2719 803 2814 imperialium
822 2721 862 2797 dr
884 2741 1057 2795 mancum
1077 2717 1239 2814 relinqui
1258 2740 1334 2792 non
1361 2717 1553 2814 patiantur.
1603 2716 1713 2799 Quod

85 2834 205 2919 liliat
228 2831 341 2909 dubio
367 2836 492 2931 procul
529 2836 708 2915 Dominus
737 2838 842 2921 bern
863 2836 925 2911 irbi
947 2834 1010 2934 ipsr
1040 2834 1246 2932 praestitum
1278 2833 1438 2931 putabit.
1472 2839 1511 2915 dr
1541 2833 1713 2911 omnibus
1785 2926 1788 2931 ι

87 2954 126 3033 id
154 2954 433 3049 procurantibus
459 2954 498 3031 dr
524 2956 563 3031 in
594 2980 639 3031 eo
663 2955 818 3032 fideliter
852 2954 1100 3033 laborantibus
1140 2952 1260 3046 largus
1293 2953 1421 3033 existet
1445 2966 1713 3040 remunerator,

88 3094 229 3171 egoque
249 3066 319 3146 PP.
341 3072 380 3151 dr
401 3072 472 3149 FF.
488 3074 579 3152 mei.
605 3075 831 3163 curabimus,
855 3074 908 3152 vti
926 3075 1021 3169 prati
1038 3075 1174 3170 semper
1192 3071 1439 3157 inueniamur.
1463 3072 1503 3151 dc
1533 3073 1582 3149 de
1606 3071 1712 3147 nobis

90 3190 164 3267 dici
184 3184 573 3288 sequeminingmtos
592 3193 807 3279 beneficium
820 3192 1060 3271 collocatum.
1108 3190 1225 3268 Hisce
1244 3212 1308 3267 me
1322 3213 1497 3290 meosque
1512 3189 1713 3288 obsequiosa

91 3306 339 3387 &humiliter
358 3314 588 3401 commendo.
621 3314 740 3389 llatae
768 3336 827 3411 η.
853 3311 1014 3411 januarii
1055 3318 1159 3404 sdes.
1221 3309 1462 3389 Reuerentiae
1499 3310 1633 3389 vestrm
1664 3310 1713 3393 at

92 3418 218 3505 omnia
248 3426 721 3525 pessumsedere
755 3433 880 3513 abbas
912 3428 1121 3509 Monatnii
1160 3426 1200 3509 S.
1226 3428 1322 3509 Petri
1359 3431 1401 3509 rir-
1432 3429 1598 3510 Heteireia
1631 3428 1713 3527 Set·

92 3572 135 3623 rra
159 3548 279 3647 Mppr.

95 3901 153 3981 M
187 3782 314 3979 Pgltres
333 3782 474 3863 nostros
494 3782 581 3863 illuc
600 3782 759 3875 sedilia,
788 3772 996 3885 ibidemque
1017 3784 1254 3865 monasticam
1279 3784 1503 3885 disciplinam
1528 3718 1714 3875 munere

146 3924 192 3981 ra
251 3922 390 3979 mmor.

188 4136 333 4215 Eodem
356 4158 454 4214 anno
482 4146 583 4236 1624
607 4139 757 4215 easdem
781 4162 906 4237 preces
930 4162 993 4238 pro
1017 4140 1235 4219 Monasterio
1258 4141 1298 4219 S
1319 4139 1498 4241 Trodperti
1523 4141 1564 4217 in
1582 4143 1714 4219 eadem
1796 4162 1799 4167 ·

95 4254 203 4359 Spina
228 4254 392 4332 Hercinia
415 4255 517 4334 idem
546 4256 743 4355 Episcopus
773 4258 929 4356 Jacobus
959 4260 988 4335 s
989 4282 1143 4357 oggerus
1172 4260 1343 4358 repetiit,
1378 4283 1422 4336 ac
1454 4262 1604 4339 tandem
1638 4260 1716 4359 post

95 4374 231 4453 multas
270 4375 489 4469 ambages'
478 4397 516 4451 ιιι
549 4390 665 4453 certas
701 4378 802 4472 leges
830 4387 1054 4457 conuentum
1088 4378 1183 4468 sirit,
1226 4378 1538 4457 subscribentibus
1571 4380 1718 4459 Andron

17 4538 19 4543 .
96 4494 347 4595 Dornspergn
338 4494 525 4570 Canonico
549 4496 826 4582 Constantiensr,
852 4494 951 4577 &F
971 4494 1109 4602 Jacobs
1124 4496 1321 4581 Atlans
1343 4496 1532 4601 Trudperti,
1579 4480 1722 4581 Attunr'
1840 4526 1846 4543 ·

95 4612 133 4719 {¹¹
155 4588 394 4723 weingarten
414 4623 522 4719 roan
545 4631 602 4701 23.
623 4614 816 4739 Februarii.
1067 4724 1070 4731 Ι
1371 4690 1376 4705 .
1555 4704 1559 4711 ,
1680 4694 1697 4715 ,.

925 4734 1040 4831 llus
1604 4734 1716 4813 Anno
