3736 5160
549 236 568 289 χ
707 136 1125 281 *Wspoe
1303 147 1307 151 .
1528 134 1809 300 ¹¹21*

99 369 373 465 „constitutam
384 365 470 451 elie,
510 387 552 441 ac
579 362 825 444 Posseisronem
851 367 966 443 totius
990 365 1237 466 Haereditatis
1264 365 1312 444 ad
1338 388 1420 444 eam
1440 365 1654 467 peruenisse,
1686 389 1750 444 tx‘

100 521 184 593 „qao
131 492 385 593 quibussaequitnr
405 464 631 572 Heinricurn
640 470 821 561 Abbatenn
843 504 889 560 ac
916 488 1180 579 Irmentrudem
1200 488 1357 566 Viduam
1389 487 1496 587 uixiffi
1522 492 1620 564 eodem
1647 505 1724 613 rqm·
1769 483 1775 492 ’
1829 562 1832 567 .

102 637 219 713 „pom
245 614 282 690 dr
302 606 449 706 quidem
471 608 532 707 poss
549 603 771 680 Guelsonem
799 607 946 685 tertium
962 605 1199 684 irmerr'trudis
1221 604 1368 695 Filium,
1394 631 1523 720 quern,
1555 621 1595 686 vt
1618 609 1767 714 verba*-

102 737 274 826 ,‚sonaot,
287 731 536 831 srtpnuixerunt.
586 722 668 797 Hoc
693 725 761 819 pos
752 737 804 798 to
825 725 982 823 sequitur
1005 727 1218 805 Heinricum
1243 728 1351 822 abbat
1336 742 1411 805 tun
1435 722 1593 825 primunt
1622 725 1722 802 fuisse
1849 766 1855 775 -

101 854 316 946 „rlbbatem
350 871 411 922 non
431 850 527 938 fitium
554 841 628 938 post
656 843 807 941 primaru
838 846 1112 922 translationem
1135 866 1185 920 err
1212 847 1260 922 Al
1264 849 1477 935 t‚omunster
1522 840 1582 923 sed
1609 846 1722 922 etiam

102 978 190 1076 „popl
211 978 305 1048 adom
328 990 367 1040 err
390 961 528 1056 Altorf
516 986 549 1035 tn
570 965 708 1037 diontnn
729 973 963 1042 translationem.
1013 967 1109 1056 Nam
1134 964 1252 1041 haec
1242 988 1279 1041 rn
1304 948 1443 1041 Μοηιειιι
1460 973 1618 1043 translatio
1631 966 1724 1043 sada
1839 983 1861 1061 ἰ

103 1094 182 1187 „est
209 1091 271 1166 sub
298 1083 452 1179 Guesfone
478 1090 565 1156 tertio
600 1075 703 1157 Duce
730 1083 957 1173 Corinthiae,
990 1085 1030 1165 vt
1058 1085 1157 1182 supra
1184 1109 1231 1159 ex
1261 1086 1445 1161 Chronico
1480 1085 1628 1163 allatum
1661 1082 1722 1161 est.

98 1209 345 1304 „Heinricum
372 1226 458 1281 vero
484 1224 557 1276 non
586 1200 685 1276 fuisse
716 1201 875 1299 primum
903 1203 942 1279 iu
969 1207 1097 1280 Moute
1130 1205 1332 1305 Abbatem,
1365 1218 1466 1303 patet
1494 1230 1543 1280 ex
1572 1204 1723 1304 antiquo
1858 1260 1862 1269 .

99 1326 412 1423 „Euangeliorum
434 1321 512 1396 MS.
540 1319 628 1396 libro
655 1320 714 1398 vbi
746 1322 981 1400 inueniuntur
1011 1343 1071 1400 tres
1092 1300 1227 1399 Abbotrs
1247 1312 1374 1399 ordine
1402 1323 1463 1402 srbi
1489 1324 1721 1402 succedentes

100 1508 124 1542 „
138 1447 268 1543 Alrorffii
295 1443 494 1541 antequam
520 1439 647 1517 isthinc
672 1441 710 1517 in
735 1443 901 1519 Montem
923 1443 1159 1539 emigrarent,
1192 1455 1349 1523 mortem
1379 1442 1516 1534 obiise,
1555 1445 1598 1520 L.
1628 1445 1721 1522 Abb.
1835 1471 1838 1475 ·

103 1573 232 1661 „rom
251 1568 378 1665 ires
405 1586 459 1658 ¹3
483 1558 522 1636 ὅ(
544 1584 599 1658 14

198 1784 232 1858 5
254 1759 400 1843 Fateor,
425 1753 642 1832 Austoritas
665 1750 829 1852 Catalogi
858 1753 966 1832 noliri
990 1752 1183 1853 ancipitem
1203 1756 1266 1834 diu
1281 1781 1342 1834 me
1362 1758 1489 1833 tenuit.
1537 1756 1720 1887 Scriptum
1815 1821 1817 1825 ,

99 1884 198 1962 enim
225 1906 309 1956 eum
331 1879 400 1954 eise
429 1876 487 1954 vel
515 1877 717 1951 etiamnum
743 1876 803 1950 sub
830 1874 1012 1972 Meingosn
1042 1876 1203 1962 subare,
1236 1879 1400 1974 adeoque
1420 1889 1579 1951 exeunte
1605 1877 1719 1952 Secu·
1777 1974 1781 1980 ¹

96 2007 134 2082 io
158 2004 229 2079 xil.
258 1999 315 2078 vel
338 1997 399 2077 sub
419 1994 543 2096 primis
575 1994 695 2070 Annis
723 1995 935 2071 Berchtoldi
956 1994 1125 2082 Abbatis‚
1158 1997 1322 2093 adeoque
1348 1995 1453 2070 initio
1479 1996 1600 2071 Seculi
1627 1995 1718 2072 Xili.

99 2124 223 2221 palam
241 2119 292 2194 eli
315 2142 364 2193 ex
380 2116 588 2211 Biographo
608 2112 718 2210 hujus
740 2113 910 2193 Abbatis'.
935 2111 998 2209 qui
1019 2112 1093 2208 jam
1112 2118 1204 2200 olins,
1230 2113 1289 2210 qui
1311 2114 1357 2188 de
1377 2113 1589 2193 Reiioribus
1608 2114 1719 2227 hujus
1847 2178 1853 2183 .

101 2236 310 2318 Monalierii
334 2234 449 2333 aliqua
471 2231 689 2331 scripsrssent,
714 2233 749 2309 se
769 2230 932 2329 reperisse
953 2229 1052 2306 dicit.
1100 2232 1249 2309 Interim
1265 2256 1379 2331 quum
1399 2234 1438 2309 in
1460 2233 1629 2311 omnibus
1653 2235 1719 2312 ut-

97 2359 254 2455 sciplinis
279 2379 322 2430 ea
338 2353 618 2434 fundamentalis
637 2353 776 2451 Regula
794 2351 855 2441 fit,
878 2365 918 2431 vt
942 2376 989 2429 ex
1012 2353 1121 2428 certis
1140 2351 1280 2429 dubia
1269 2364 1565 2450 interpretemur,
1593 2359 1631 2433 dr
1651 2354 1714 2454 qui

95 2478 278 2577 propiores
300 2477 399 2553 suere
425 2477 612 2572 scriptores
633 2475 756 2562 saitis,
789 2473 1044 2550 anteferendos
1065 2471 1134 2546 else
1160 2471 1237 2560 his,
1268 2473 1331 2571 qui
1352 2474 1568 2551 remotiores
1591 2477 1714 2553 sueres
1834 2458 1836 2468 ¹

92 2598 217 2696 potins
237 2596 497 2690 adsurgendum
517 2593 743 2669 duco'Vitae
774 2593 895 2670 Saniii
912 2592 1059 2671 Altouis
1074 2592 1247 2689 Scriptori
1272 2615 1425 2682 coaeum
1452 2606 1561 2692 atque
1586 2595 1714 2672 Arcid-
1824 2665 1828 2671 .

91 2719 144 2794 vii
167 2713 420 2792 Scbaffbusani
441 2713 595 2798 tabulis,
620 2736 731 2811 quam
753 2712 935 2788 Monacho
956 2712 1032 2809 post
1050 2734 1165 2785 annos
1189 2725 1336 2787 centum
1352 2713 1613 2812 quinquaginta
1632 2738 1716 2799 nar·
1747 2798 1750 2803 ,
1823 2715 1826 2719 ’

91 2838 215 2941 ιιιιιίι,
243 2859 335 2934 quae
362 2833 512 2932 quidem
541 2832 715 2908 relatione
742 2833 895 2907 aliorum
924 2832 999 2907 sere
1021 2831 1156 2928 semper
1178 2830 1303 2914 dubia,
1338 2832 1520 2908 audierat:
1559 2835 1711 2930 ipsemet

93 2972 217 3034 autem
237 2955 389 3052 propriis
411 2953 503 3035 haut
526 2953 667 3028 viderat
688 2951 830 3034 oculisr
855 2973 923 3025 nec
940 2947 1109 3025 hauserat
1128 2949 1402 3027 norecefforum
1425 2951 1569 3029 suorum
1583 2954 1712 3051 scriptis

92 3101 185 3176 quae
207 3075 308 3152 nulla
328 3077 488 3171 unquam
511 3072 675 3148 adduxit.
727 3070 939 3151 Videbimus
961 3070 998 3143 in
1018 3067 1245 3170 sequentibus
1262 3069 1374 3145 etiam
1402 3070 1605 3150 Abbatibus
1621 3096 1709 3152 euru

96 3195 290 3296 cespitasse,
316 3193 447 3293 quibus
466 3202 591 3267 tamen
622 3189 765 3289 propior
793 3188 967 3264 conuixit.

188 3395 224 3466 b.
249 3384 402 3463 Minoris
423 3382 599 3461 Ponderis
621 3383 671 3459 est
694 3382 782 3458 illud
798 3384 848 3460 bl.
864 3385 902 3461 S.
918 3385 958 3459 in
979 3381 1087 3459 Libro
1101 3380 1384 3480 Euangeliorum
1401 3386 1710 3486 comprehensum,
1849 3470 1852 3476 ,

92 3520 134 3588 vt
152 3506 547 3605 prorsusndmiratione
566 3501 776 3580 vehementi
797 3527 901 3599 agar,
923 3526 994 3602 qua
1011 3503 1151 3579 ratione
1173 3516 1317 3580 tanturn
1341 3504 1542 3603 scrupulum
1563 3506 1712 3584 iniicere

89 3629 179 3707 Viro
188 3624 478 3725 perspicacissimo
494 3622 662 3720 potuerit,
683 3635 723 3699 vt
738 3621 946 3712 veritatem,
964 3643 1073 3721 quam
1085 3634 1236 3721 ottoque
1249 3621 1324 3719 jam
1338 3624 1483 3701 brachio
1500 3627 1712 3724 complexus
1821 3652 1823 3656 ·

87 3750 227 3831 iuerat,
253 3745 346 3822 elabi
364 3743 482 3819 rursus
498 3752 686 3839 pateretur.
734 3741 918 3839 Scriptum
939 3742 989 3818 est
1009 3743 1110 3849 euim
1129 3727 1302 3838 uergente
1321 3745 1470 3822 demum
1485 3746 1619 3823 Seculo
1639 3760 1710 3825 ter·
1806 3728 1814 3748 ’

87 3869 142 3944 tio
161 3866 314 3944 decimo.
362 3865 515 3948 Auiior,
535 3875 575 3936 vt
595 3859 794 3958 inspicienti
821 3860 974 3960 patebit,
997 3885 1124 3959 parum
1153 3864 1190 3940 iu
1211 3860 1366 3940 Historia
1380 3863 1575 3944 domestica
1591 3867 1706 3946 versa·

84 3999 150 4064 tus
173 3989 285 4073 erat,‘'
299 3982 510 4079 miscuitque
529 3980 706 4082 quadrata
726 3981 893 4057 rotundis
918 3981 965 4057 ad
985 3981 1141 4081 Apicem
1160 3981 1208 4056 stc
1230 3982 1399 4081 loquitur.

182 4183 322 4259 Notum
361 4176 404 4255 srt
438 4174 608 4252 omnibus
643 4171 826 4249 Fidelibus
856 4172 1086 4268 Christianis,
1124 4176 1220 4273 quod
1243 4175 1391 4272 quidam
1413 4176 1707 4276 exprincipibus
1812 4216 1822 4237 x

83 4299 216 4383 nostris
238 4289 403 4375 Heinrirur
430 4296 598 4380 nomine,
643 4291 749 4369 Pater
775 4291 907 4370 scilicet
937 4297 972 4371 S.
1003 4299 1153 4370 Cbnntod
1185 4294 1347 4393 Episcopi
1381 4319 1465 4375 cum
1495 4297 1614 4375 onre
1647 4301 1707 4376 sua
1731 4309 1741 4337 ·'
1820 4363 1842 4377 ..

84 4425 187 4567 Beato
206 4419 375 4502 nomine,
406 4417 445 4493 dr
469 4415 570 4491 siliis
597 4413 669 4491 suis
691 4434 881 4491 crascone
908 4413 945 4510 ⁶)
982 4411 1021 4490 dr
1043 4413 1196 4507 Roudoso
1226 4414 1422 4492 construxit
1444 4416 1641 4496 Abbatiam
1667 4418 1707 4494 in

919 4533 1067 4628 03
1557 4536 1709 4616 artor-
1780 4588 1800 4599 ·

123 4687 158 4763 ⁸)
184 4680 309 4756 νιιδ.
328 4678 456 4750 &arrd
471 4676 685 4751 munau
694 4644 833 4767 scripto
827 4675 930 4745 toto·
948 4674 1103 4748 nouam
1118 4687 1214 4764 atque
1231 4693 1397 4750 ινωοιιι.
