<?xml version="1.0" encoding="UTF-8"?>
<!DOCTYPE html PUBLIC "-//W3C//DTD XHTML 1.0 Transitional//EN"
    "http://www.w3.org/TR/xhtml1/DTD/xhtml1-transitional.dtd">
<html xmlns="http://www.w3.org/1999/xhtml" xml:lang="en" lang="en">
 <head>
  <title>
</title>
<meta http-equiv="Content-Type" content="text/html;charset=utf-8" />
  <meta name='ocr-system' content='tesseract 3.04.00' />
  <meta name='ocr-capabilities' content='ocr_page ocr_carea ocr_par ocr_line ocrx_word'/>
</head>
<body>
  <div class='ocr_page' id='page_1' title='image "./prodromusmonume01hessgoog_0321.png"; bbox 0 0 3736 5160; ppageno 0'>
   <div class='ocr_carea' id='block_1_1' title="bbox 123 247 1206 339">
    <p class='ocr_par' dir='ltr' id='par_1_1' title="bbox 123 247 1206 339">
     <span class='ocr_line' id='line_1_1' title="bbox 123 247 1206 339; baseline 0.003 -3"><span class='ocrx_word' id='word_1_1' title='bbox 123 260 196 336; x_wconf 81' lang='lat'>300</span> <span class='ocrx_word' id='word_1_2' title='bbox 750 247 1206 339; x_wconf 55' lang='lat' dir='ltr'>*wie*</span> 
     </span>
    </p>
   </div>
   <div class='ocr_carea' id='block_1_2' title="bbox 40 394 1779 4461">
    <p class='ocr_par' dir='ltr' id='par_1_2' title="bbox 40 394 1779 4461">
     <span class='ocr_line' id='line_1_2' title="bbox 124 394 1758 521; baseline 0 -24"><span class='ocrx_word' id='word_1_3' title='bbox 124 417 305 507; x_wconf 81' lang='lat' dir='ltr'>„&#39;vestra</span> <span class='ocrx_word' id='word_1_4' title='bbox 293 440 332 495; x_wconf 86' lang='lat' dir='ltr'>tn</span> <span class='ocrx_word' id='word_1_5' title='bbox 355 442 426 495; x_wconf 88' lang='lat' dir='ltr'>nos</span> <span class='ocrx_word' id='word_1_6' title='bbox 455 417 639 507; x_wconf 78' lang='lat' dir='ltr'><strong>Caritate,</strong></span> <span class='ocrx_word' id='word_1_7' title='bbox 683 422 992 521; x_wconf 83' lang='lat' dir='ltr'>spiritualibusque</span> <span class='ocrx_word' id='word_1_8' title='bbox 1014 394 1198 500; x_wconf 84' lang='lat' dir='ltr'>beneficiis</span> <span class='ocrx_word' id='word_1_9' title='bbox 1224 420 1404 499; x_wconf 77' lang='lat' dir='ltr'>maximas</span> <span class='ocrx_word' id='word_1_10' title='bbox 1430 420 1568 516; x_wconf 83' lang='lat' dir='ltr'>gratias</span> <span class='ocrx_word' id='word_1_11' title='bbox 1591 421 1758 515; x_wconf 79' lang='lat' dir='ltr'>agimus</span> 
     </span>
     <span class='ocr_line' id='line_1_3' title="bbox 125 537 1758 639; baseline 0.001 -25.019"><span class='ocrx_word' id='word_1_12' title='bbox 125 537 275 627; x_wconf 85' lang='lat' dir='ltr'>„Deum</span> <span class='ocrx_word' id='word_1_13' title='bbox 299 539 452 624; x_wconf 90' lang='lat' dir='ltr'>oraturi,</span> <span class='ocrx_word' id='word_1_14' title='bbox 501 552 542 617; x_wconf 87' lang='lat' dir='ltr'>vt</span> <span class='ocrx_word' id='word_1_15' title='bbox 567 541 777 639; x_wconf 83' lang='lat' dir='ltr'>centuplam</span> <span class='ocrx_word' id='word_1_16' title='bbox 803 541 906 619; x_wconf 87' lang='lat' dir='ltr'>vobis</span> <span class='ocrx_word' id='word_1_17' title='bbox 929 543 1067 618; x_wconf 90' lang='lat' dir='ltr'>reddat.</span> <span class='ocrx_word' id='word_1_18' title='bbox 1144 539 1295 619; x_wconf 87' lang='lat' dir='ltr'>Vtinam</span> <span class='ocrx_word' id='word_1_19' title='bbox 1319 550 1410 636; x_wconf 88' lang='lat' dir='ltr'>quot</span> <span class='ocrx_word' id='word_1_20' title='bbox 1437 540 1544 615; x_wconf 83' lang='lat' dir='ltr'>annia</span> <span class='ocrx_word' id='word_1_21' title='bbox 1568 538 1758 636; x_wconf 79' lang='lat' dir='ltr'>ejusmodi</span> 
     </span>
     <span class='ocr_line' id='line_1_4' title="bbox 125 655 1755 759; baseline -0.001 -24.982"><span class='ocrx_word' id='word_1_22' title='bbox 125 655 291 746; x_wconf 77' lang='lat' dir='ltr'>,orcam</span> <span class='ocrx_word' id='word_1_23' title='bbox 319 660 353 736; x_wconf 89' lang='lat' dir='ltr'>se</span> <span class='ocrx_word' id='word_1_24' title='bbox 377 655 539 745; x_wconf 86' lang='lat' dir='ltr'>offerret,</span> <span class='ocrx_word' id='word_1_25' title='bbox 571 669 612 735; x_wconf 85' lang='lat' dir='ltr'>rt</span> <span class='ocrx_word' id='word_1_26' title='bbox 638 659 756 758; x_wconf 89' lang='lat' dir='ltr'>spero,</span> <span class='ocrx_word' id='word_1_27' title='bbox 787 685 861 737; x_wconf 95' lang='lat' dir='ltr'>non</span> <span class='ocrx_word' id='word_1_28' title='bbox 885 660 1082 756; x_wconf 82' lang='lat' dir='ltr'>negabitis,</span> <span class='ocrx_word' id='word_1_29' title='bbox 1113 657 1250 759; x_wconf 90' lang='lat' dir='ltr'>quod</span> <span class='ocrx_word' id='word_1_30' title='bbox 1238 680 1278 737; x_wconf 85' lang='lat' dir='ltr'>ru</span> <span class='ocrx_word' id='word_1_31' title='bbox 1296 680 1368 735; x_wconf 85' lang='lat' dir='ltr'>noe</span> <span class='ocrx_word' id='word_1_32' title='bbox 1388 658 1621 737; x_wconf 85' lang='lat' dir='ltr'>Beneficium</span> <span class='ocrx_word' id='word_1_33' title='bbox 1640 682 1755 757; x_wconf 74' lang='lat' dir='ltr'>agero·¹</span> 
     </span>
     <span class='ocr_line' id='line_1_5' title="bbox 124 776 1753 875; baseline 0.001 -22"><span class='ocrx_word' id='word_1_34' title='bbox 124 776 288 867; x_wconf 88' lang='lat' dir='ltr'>„scimus</span> <span class='ocrx_word' id='word_1_35' title='bbox 315 786 504 874; x_wconf 83' lang='lat' dir='ltr'>perpemo,</span> <span class='ocrx_word' id='word_1_36' title='bbox 546 779 584 856; x_wconf 87' lang='lat' dir='ltr'>de</span> <span class='ocrx_word' id='word_1_37' title='bbox 609 778 777 867; x_wconf 89' lang='lat' dir='ltr'>viciliim,</span> <span class='ocrx_word' id='word_1_38' title='bbox 810 794 849 856; x_wconf 84' lang='lat' dir='ltr'>ot</span> <span class='ocrx_word' id='word_1_39' title='bbox 870 778 1008 863; x_wconf 86' lang='lat' dir='ltr'>licebit,</span> <span class='ocrx_word' id='word_1_40' title='bbox 1046 778 1241 875; x_wconf 78' lang='lat' dir='ltr'>gratificari</span> <span class='ocrx_word' id='word_1_41' title='bbox 1267 776 1383 874; x_wconf 80' lang='lat' dir='ltr'>parati</span> <span class='ocrx_word' id='word_1_42' title='bbox 1407 777 1556 855; x_wconf 77' lang='lat' dir='ltr'>erimus.</span> <span class='ocrx_word' id='word_1_43' title='bbox 1619 776 1753 867; x_wconf 73' lang='lat' dir='ltr'>Vestras</span> 
     </span>
     <span class='ocr_line' id='line_1_6' title="bbox 124 895 1751 995; baseline -0.002 -21"><span class='ocrx_word' id='word_1_44' title='bbox 124 920 215 986; x_wconf 85' lang='lat' dir='ltr'>„tue</span> <span class='ocrx_word' id='word_1_45' title='bbox 243 897 409 995; x_wconf 81' lang='lat' dir='ltr'>precibus</span> <span class='ocrx_word' id='word_1_46' title='bbox 431 899 470 973; x_wconf 83' lang='lat' dir='ltr'>dr</span> <span class='ocrx_word' id='word_1_47' title='bbox 492 895 672 975; x_wconf 75' lang='lat' dir='ltr'>sacdbciis</span> <span class='ocrx_word' id='word_1_48' title='bbox 697 900 926 975; x_wconf 87' lang='lat' dir='ltr'>commendo.</span> <span class='ocrx_word' id='word_1_49' title='bbox 976 898 1034 975; x_wconf 84' lang='lat' dir='ltr'>Ex</span> <span class='ocrx_word' id='word_1_50' title='bbox 1058 900 1294 994; x_wconf 82' lang='lat' dir='ltr'>Weingarteu</span> <span class='ocrx_word' id='word_1_51' title='bbox 1320 922 1375 991; x_wconf 79' lang='lat'>¹5·</span> <span class='ocrx_word' id='word_1_52' title='bbox 1398 896 1612 976; x_wconf 83' lang='lat' dir='ltr'>Decembris</span> <span class='ocrx_word' id='word_1_53' title='bbox 1637 898 1751 975; x_wconf 78' lang='lat' dir='ltr'>Auno</span> 
     </span>
     <span class='ocr_line' id='line_1_7' title="bbox 125 1014 1751 1117; baseline 0.001 -25"><span class='ocrx_word' id='word_1_54' title='bbox 125 1071 147 1106; x_wconf 93' lang='lat'>„</span> <span class='ocrx_word' id='word_1_55' title='bbox 162 1014 266 1112; x_wconf 76' lang='lat'>1596.</span> <span class='ocrx_word' id='word_1_56' title='bbox 305 1014 429 1092; x_wconf 86' lang='lat' dir='ltr'>Vester</span> <span class='ocrx_word' id='word_1_57' title='bbox 453 1015 489 1091; x_wconf 93' lang='lat' dir='ltr'>in</span> <span class='ocrx_word' id='word_1_58' title='bbox 520 1014 662 1093; x_wconf 85' lang='lat' dir='ltr'>Christo</span> <span class='ocrx_word' id='word_1_59' title='bbox 688 1017 748 1107; x_wconf 80' lang='lat' dir='ltr'>Fr,</span> <span class='ocrx_word' id='word_1_60' title='bbox 784 1017 948 1117; x_wconf 79' lang='lat' dir='ltr'>Georgius</span> <span class='ocrx_word' id='word_1_61' title='bbox 972 1015 1093 1095; x_wconf 80' lang='lat' dir='ltr'>Albos</span> <span class='ocrx_word' id='word_1_62' title='bbox 1121 1014 1250 1093; x_wconf 83' lang='lat' dir='ltr'>ibidem</span> <span class='ocrx_word' id='word_1_63' title='bbox 1325 1015 1444 1093; x_wconf 88' lang='lat' dir='ltr'>Immo</span> <span class='ocrx_word' id='word_1_64' title='bbox 1471 1017 1600 1113; x_wconf 90' lang='lat' dir='ltr'>quanti</span> <span class='ocrx_word' id='word_1_65' title='bbox 1626 1015 1751 1095; x_wconf 72' lang='lat' dir='ltr'>Abba</span> 
     </span>
     <span class='ocr_line' id='line_1_8' title="bbox 122 1132 1750 1225; baseline 0.002 -12"><span class='ocrx_word' id='word_1_66' title='bbox 122 1136 242 1213; x_wconf 83' lang='lat' dir='ltr'>noster</span> <span class='ocrx_word' id='word_1_67' title='bbox 263 1136 402 1211; x_wconf 89' lang='lat' dir='ltr'>nedum</span> <span class='ocrx_word' id='word_1_68' title='bbox 434 1135 533 1211; x_wconf 88' lang='lat' dir='ltr'>hunc</span> <span class='ocrx_word' id='word_1_69' title='bbox 565 1135 708 1220; x_wconf 87' lang='lat' dir='ltr'>Virum,</span> <span class='ocrx_word' id='word_1_70' title='bbox 753 1136 813 1212; x_wconf 90' lang='lat' dir='ltr'>sed</span> <span class='ocrx_word' id='word_1_71' title='bbox 843 1144 879 1217; x_wconf 79' lang='lat' dir='ltr'>du</span> <span class='ocrx_word' id='word_1_72' title='bbox 906 1161 1036 1214; x_wconf 87' lang='lat' dir='ltr'>omnes</span> <span class='ocrx_word' id='word_1_73' title='bbox 1062 1137 1102 1213; x_wconf 89' lang='lat' dir='ltr'>S.</span> <span class='ocrx_word' id='word_1_74' title='bbox 1128 1136 1155 1211; x_wconf 90' lang='lat'>1.</span> <span class='ocrx_word' id='word_1_75' title='bbox 1180 1135 1397 1212; x_wconf 82' lang='lat' dir='ltr'>Sacerdotes</span> <span class='ocrx_word' id='word_1_76' title='bbox 1421 1132 1566 1225; x_wconf 69' lang='lat' dir='ltr'>norit,</span> <span class='ocrx_word' id='word_1_77' title='bbox 1611 1158 1662 1211; x_wconf 84' lang='lat' dir='ltr'>ex</span> <span class='ocrx_word' id='word_1_78' title='bbox 1688 1134 1750 1217; x_wconf 67' lang='lat' dir='ltr'>dar</span> 
     </span>
     <span class='ocr_line' id='line_1_9' title="bbox 123 1252 1750 1360; baseline 0 -28"><span class='ocrx_word' id='word_1_79' title='bbox 123 1256 174 1332; x_wconf 86' lang='lat' dir='ltr'>tis</span> <span class='ocrx_word' id='word_1_80' title='bbox 200 1255 247 1330; x_wconf 89' lang='lat' dir='ltr'>ad</span> <span class='ocrx_word' id='word_1_81' title='bbox 267 1252 439 1360; x_wconf 64' lang='lat' dir='ltr'>oJoormem</span> <span class='ocrx_word' id='word_1_82' title='bbox 470 1252 649 1355; x_wconf 77' lang='lat' dir='ltr'>Georgium</span> <span class='ocrx_word' id='word_1_83' title='bbox 671 1254 838 1335; x_wconf 82' lang='lat' dir='ltr'>Abbotem</span> <span class='ocrx_word' id='word_1_84' title='bbox 864 1255 1114 1357; x_wconf 74' lang='lat' dir='ltr'>Mordacmsem</span> <span class='ocrx_word' id='word_1_85' title='bbox 1135 1254 1285 1331; x_wconf 81' lang='lat' dir='ltr'>Litteris</span> <span class='ocrx_word' id='word_1_86' title='bbox 1310 1264 1434 1353; x_wconf 85' lang='lat' dir='ltr'>aperte</span> <span class='ocrx_word' id='word_1_87' title='bbox 1458 1262 1571 1351; x_wconf 80' lang='lat' dir='ltr'>patet</span> <span class='ocrx_word' id='word_1_88' title='bbox 1625 1252 1750 1341; x_wconf 80' lang='lat' dir='ltr'>Quum</span> 
     </span>
     <span class='ocr_line' id='line_1_10' title="bbox 123 1370 1751 1479; baseline -0.001 -30"><span class='ocrx_word' id='word_1_89' title='bbox 123 1373 224 1450; x_wconf 91' lang='lat' dir='ltr'>enim</span> <span class='ocrx_word' id='word_1_90' title='bbox 248 1372 309 1448; x_wconf 92' lang='lat' dir='ltr'>ille</span> <span class='ocrx_word' id='word_1_91' title='bbox 333 1372 444 1451; x_wconf 90' lang='lat' dir='ltr'>Anno</span> <span class='ocrx_word' id='word_1_92' title='bbox 473 1380 578 1471; x_wconf 78' lang='lat'>1607.</span> <span class='ocrx_word' id='word_1_93' title='bbox 618 1395 682 1471; x_wconf 88' lang='lat' dir='ltr'>per</span> <span class='ocrx_word' id='word_1_94' title='bbox 712 1374 847 1452; x_wconf 75' lang='lat' dir='ltr'>Patrem</span> <span class='ocrx_word' id='word_1_95' title='bbox 875 1373 1138 1479; x_wconf 68' lang='lat' dir='ltr'>christophorum</span> <span class='ocrx_word' id='word_1_96' title='bbox 1166 1373 1332 1452; x_wconf 83' lang='lat' dir='ltr'>Hoeoeer</span> <span class='ocrx_word' id='word_1_97' title='bbox 1357 1370 1655 1453; x_wconf 85' lang='lat' dir='ltr'>Conuentualem</span> <span class='ocrx_word' id='word_1_98' title='bbox 1685 1396 1751 1459; x_wconf 88' lang='lat' dir='ltr'>no-</span> 
     </span>
     <span class='ocr_line' id='line_1_11' title="bbox 122 1491 1751 1591; baseline -0.001 -21"><span class='ocrx_word' id='word_1_99' title='bbox 122 1494 233 1570; x_wconf 85' lang='lat' dir='ltr'>strum</span> <span class='ocrx_word' id='word_1_100' title='bbox 262 1493 397 1570; x_wconf 87' lang='lat' dir='ltr'>ibidem</span> <span class='ocrx_word' id='word_1_101' title='bbox 434 1493 657 1591; x_wconf 84' lang='lat' dir='ltr'>aliquamdiu</span> <span class='ocrx_word' id='word_1_102' title='bbox 688 1494 958 1571; x_wconf 82' lang='lat' dir='ltr'>reformationis</span> <span class='ocrx_word' id='word_1_103' title='bbox 992 1495 1095 1572; x_wconf 85' lang='lat' dir='ltr'>causa</span> <span class='ocrx_word' id='word_1_104' title='bbox 1129 1505 1392 1571; x_wconf 87' lang='lat' dir='ltr'>commoratum</span> <span class='ocrx_word' id='word_1_105' title='bbox 1420 1491 1612 1588; x_wconf 81' lang='lat' dir='ltr'>fignificari</span> <span class='ocrx_word' id='word_1_106' title='bbox 1645 1492 1751 1569; x_wconf 82' lang='lat' dir='ltr'>Geor·</span> 
     </span>
     <span class='ocr_line' id='line_1_12' title="bbox 120 1609 1752 1713; baseline -0.001 -25"><span class='ocrx_word' id='word_1_107' title='bbox 120 1617 177 1713; x_wconf 87' lang='lat' dir='ltr'>gr&#39;o</span> <span class='ocrx_word' id='word_1_108' title='bbox 201 1611 354 1699; x_wconf 76' lang='lat' dir='ltr'>iecisset,</span> <span class='ocrx_word' id='word_1_109' title='bbox 385 1612 419 1686; x_wconf 88' lang='lat' dir='ltr'>se</span> <span class='ocrx_word' id='word_1_110' title='bbox 444 1611 537 1687; x_wconf 90' lang='lat' dir='ltr'>nibil</span> <span class='ocrx_word' id='word_1_111' title='bbox 561 1614 747 1712; x_wconf 84' lang='lat' dir='ltr'>antiquius</span> <span class='ocrx_word' id='word_1_112' title='bbox 778 1614 993 1699; x_wconf 76' lang='lat' dir='ltr'>desiderare,</span> <span class='ocrx_word' id='word_1_113' title='bbox 1046 1637 1154 1713; x_wconf 89' lang='lat' dir='ltr'>quam</span> <span class='ocrx_word' id='word_1_114' title='bbox 1182 1626 1223 1691; x_wconf 90' lang='lat' dir='ltr'>vt</span> <span class='ocrx_word' id='word_1_115' title='bbox 1251 1613 1392 1713; x_wconf 88' lang='lat' dir='ltr'>aliquos</span> <span class='ocrx_word' id='word_1_116' title='bbox 1424 1636 1473 1689; x_wconf 87' lang='lat' dir='ltr'>ex</span> <span class='ocrx_word' id='word_1_117' title='bbox 1496 1610 1570 1688; x_wconf 81' lang='lat' dir='ltr'>suia</span> <span class='ocrx_word' id='word_1_118' title='bbox 1602 1609 1752 1708; x_wconf 74' lang='lat' dir='ltr'>&#39;rogatis</span> 
     </span>
     <span class='ocr_line' id='line_1_13' title="bbox 121 1731 1751 1831; baseline -0.002 -21"><span class='ocrx_word' id='word_1_119' title='bbox 121 1734 187 1829; x_wconf 82' lang='lat' dir='ltr'>(vt</span> <span class='ocrx_word' id='word_1_120' title='bbox 209 1732 364 1825; x_wconf 86' lang='lat' dir='ltr'>vocant)</span> <span class='ocrx_word' id='word_1_121' title='bbox 396 1732 444 1807; x_wconf 91' lang='lat' dir='ltr'>ad</span> <span class='ocrx_word' id='word_1_122' title='bbox 478 1731 707 1810; x_wconf 89' lang='lat' dir='ltr'>Nouitiatum</span> <span class='ocrx_word' id='word_1_123' title='bbox 737 1733 1044 1829; x_wconf 86' lang='lat' dir='ltr'>Weingartensem</span> <span class='ocrx_word' id='word_1_124' title='bbox 1079 1733 1259 1831; x_wconf 88' lang='lat' dir='ltr'>recipere,</span> <span class='ocrx_word' id='word_1_125' title='bbox 1311 1737 1350 1811; x_wconf 82' lang='lat' dir='ltr'>dr</span> <span class='ocrx_word' id='word_1_126' title='bbox 1376 1744 1455 1809; x_wconf 88' lang='lat' dir='ltr'>tun</span> <span class='ocrx_word' id='word_1_127' title='bbox 1483 1731 1655 1829; x_wconf 84' lang='lat' dir='ltr'>probator</span> <span class='ocrx_word' id='word_1_128' title='bbox 1683 1732 1751 1828; x_wconf 89' lang='lat' dir='ltr'>spi-</span> 
     </span>
     <span class='ocr_line' id='line_1_14' title="bbox 119 1848 1746 1947; baseline -0.002 -18"><span class='ocrx_word' id='word_1_129' title='bbox 119 1853 211 1939; x_wconf 89' lang='lat' dir='ltr'>ritu,</span> <span class='ocrx_word' id='word_1_130' title='bbox 263 1849 560 1929; x_wconf 83' lang='lat' dir='ltr'>&amp;confirmatos</span> <span class='ocrx_word' id='word_1_131' title='bbox 594 1852 794 1929; x_wconf 81' lang='lat' dir='ltr'>Morborum</span> <span class='ocrx_word' id='word_1_132' title='bbox 831 1853 1018 1931; x_wconf 87' lang='lat' dir='ltr'>remittere</span> <span class='ocrx_word' id='word_1_133' title='bbox 1050 1851 1275 1947; x_wconf 84' lang='lat' dir='ltr'>dignaretur,</span> <span class='ocrx_word' id='word_1_134' title='bbox 1316 1852 1443 1929; x_wconf 73' lang='lat' dir='ltr'>Abba</span> <span class='ocrx_word' id='word_1_135' title='bbox 1466 1848 1589 1929; x_wconf 85' lang='lat' dir='ltr'>noster</span> <span class='ocrx_word' id='word_1_136' title='bbox 1614 1851 1746 1926; x_wconf 87' lang='lat' dir='ltr'>eodem</span> 
     </span>
     <span class='ocr_line' id='line_1_15' title="bbox 120 1956 1741 2083; baseline -0.001 -37"><span class='ocrx_word' id='word_1_137' title='bbox 120 1994 217 2083; x_wconf 74' lang='lat' dir='ltr'>auno</span> <span class='ocrx_word' id='word_1_138' title='bbox 249 1987 304 2056; x_wconf 71' lang='lat'>28.</span> <span class='ocrx_word' id='word_1_139' title='bbox 326 1956 470 2066; x_wconf 53' lang='lat' dir='ltr'>&#39;Aprilis</span> <span class='ocrx_word' id='word_1_140' title='bbox 495 1970 532 2045; x_wconf 92' lang='lat' dir='ltr'>in</span> <span class='ocrx_word' id='word_1_141' title='bbox 561 1969 654 2046; x_wconf 85' lang='lat' dir='ltr'>haec</span> <span class='ocrx_word' id='word_1_142' title='bbox 684 1973 788 2051; x_wconf 85' lang='lat' dir='ltr'>verba</span> <span class='ocrx_word' id='word_1_143' title='bbox 814 1973 998 2072; x_wconf 87' lang='lat' dir='ltr'>respondit</span> <span class='ocrx_word' id='word_1_144' title='bbox 1018 1972 1069 2068; x_wconf 88' lang='lat' dir='ltr'>l):</span> <span class='ocrx_word' id='word_1_145' title='bbox 1110 1972 1326 2049; x_wconf 71' lang='lat' dir='ltr'>Reuerendo</span> <span class='ocrx_word' id='word_1_146' title='bbox 1349 1970 1543 2068; x_wconf 81' lang='lat' dir='ltr'>Princeps!</span> <span class='ocrx_word' id='word_1_147' title='bbox 1579 1967 1741 2045; x_wconf 85' lang='lat' dir='ltr'>Intellexi</span> 
     </span>
     <span class='ocr_line' id='line_1_16' title="bbox 119 2088 1779 2189; baseline -0.002 -23"><span class='ocrx_word' id='word_1_148' title='bbox 119 2102 184 2166; x_wconf 90' lang='lat' dir='ltr'>tua</span> <span class='ocrx_word' id='word_1_149' title='bbox 211 2113 275 2189; x_wconf 88' lang='lat' dir='ltr'>per</span> <span class='ocrx_word' id='word_1_150' title='bbox 300 2094 339 2167; x_wconf 85' lang='lat' dir='ltr'>P.</span> <span class='ocrx_word' id='word_1_151' title='bbox 371 2089 669 2187; x_wconf 84' lang='lat' dir='ltr'>Christophorum</span> <span class='ocrx_word' id='word_1_152' title='bbox 695 2088 891 2177; x_wconf 88' lang='lat' dir='ltr'>Hamerer,</span> <span class='ocrx_word' id='word_1_153' title='bbox 938 2092 1230 2170; x_wconf 70' lang='lat' dir='ltr'>conuenturum</span> <span class='ocrx_word' id='word_1_154' title='bbox 1255 2092 1415 2169; x_wconf 80' lang='lat' dir='ltr'>nostrum</span> <span class='ocrx_word' id='word_1_155' title='bbox 1441 2091 1538 2169; x_wconf 72' lang='lat' dir='ltr'>faeta</span> <span class='ocrx_word' id='word_1_156' title='bbox 1565 2088 1660 2167; x_wconf 88' lang='lat' dir='ltr'>mihi</span> <span class='ocrx_word' id='word_1_157' title='bbox 1682 2114 1748 2167; x_wconf 83' lang='lat' dir='ltr'>uo·</span> <span class='ocrx_word' id='word_1_158' title='bbox 1776 2183 1779 2187; x_wconf 68' lang='lat'>,</span> 
     </span>
     <span class='ocr_line' id='line_1_17' title="bbox 120 2208 1750 2309; baseline -0.001 -23"><span class='ocrx_word' id='word_1_159' title='bbox 120 2222 177 2295; x_wconf 86' lang='lat' dir='ltr'>ta,</span> <span class='ocrx_word' id='word_1_160' title='bbox 227 2209 360 2308; x_wconf 89' lang='lat' dir='ltr'>quibus</span> <span class='ocrx_word' id='word_1_161' title='bbox 392 2210 506 2286; x_wconf 85' lang='lat' dir='ltr'>etiarn</span> <span class='ocrx_word' id='word_1_162' title='bbox 539 2232 649 2307; x_wconf 86' lang='lat' dir='ltr'>quam</span> <span class='ocrx_word' id='word_1_163' title='bbox 681 2209 908 2290; x_wconf 79' lang='lat' dir='ltr'>bbenuffime</span> <span class='ocrx_word' id='word_1_164' title='bbox 939 2211 1198 2300; x_wconf 87' lang='lat' dir='ltr'>consentirem,</span> <span class='ocrx_word' id='word_1_165' title='bbox 1243 2211 1309 2289; x_wconf 82' lang='lat' dir='ltr'>nisa</span> <span class='ocrx_word' id='word_1_166' title='bbox 1342 2211 1484 2309; x_wconf 91' lang='lat' dir='ltr'>propria</span> <span class='ocrx_word' id='word_1_167' title='bbox 1511 2208 1750 2308; x_wconf 81' lang='lat' dir='ltr'>Experieotia</span> 
     </span>
     <span class='ocr_line' id='line_1_18' title="bbox 118 2327 1749 2429; baseline -0.001 -23"><span class='ocrx_word' id='word_1_168' title='bbox 118 2327 340 2414; x_wconf 86' lang='lat' dir='ltr'>didicissem,</span> <span class='ocrx_word' id='word_1_169' title='bbox 386 2327 582 2422; x_wconf 82' lang='lat' dir='ltr'>Religiosos</span> <span class='ocrx_word' id='word_1_170' title='bbox 607 2329 767 2428; x_wconf 82' lang='lat' dir='ltr'>Juueues</span> <span class='ocrx_word' id='word_1_171' title='bbox 794 2343 875 2408; x_wconf 86' lang='lat' dir='ltr'>tum</span> <span class='ocrx_word' id='word_1_172' title='bbox 901 2336 1023 2429; x_wconf 89' lang='lat' dir='ltr'>quoad</span> <span class='ocrx_word' id='word_1_173' title='bbox 1052 2331 1183 2421; x_wconf 81' lang='lat' dir='ltr'>studia,</span> <span class='ocrx_word' id='word_1_174' title='bbox 1233 2344 1313 2409; x_wconf 88' lang='lat' dir='ltr'>tum</span> <span class='ocrx_word' id='word_1_175' title='bbox 1339 2331 1454 2407; x_wconf 89' lang='lat' dir='ltr'>etiam</span> <span class='ocrx_word' id='word_1_176' title='bbox 1485 2331 1609 2429; x_wconf 86' lang='lat' dir='ltr'>quoad</span> <span class='ocrx_word' id='word_1_177' title='bbox 1635 2328 1749 2405; x_wconf 85' lang='lat' dir='ltr'>Exer-</span> 
     </span>
     <span class='ocr_line' id='line_1_19' title="bbox 119 2447 1749 2551; baseline -0.001 -24"><span class='ocrx_word' id='word_1_178' title='bbox 119 2448 207 2527; x_wconf 81' lang='lat' dir='ltr'>citio</span> <span class='ocrx_word' id='word_1_179' title='bbox 233 2447 429 2547; x_wconf 82' lang='lat' dir='ltr'>spiritualia</span> <span class='ocrx_word' id='word_1_180' title='bbox 455 2449 619 2549; x_wconf 84' lang='lat' dir='ltr'>Disiegoe</span> <span class='ocrx_word' id='word_1_181' title='bbox 652 2450 928 2547; x_wconf 86' lang='lat' dir='ltr'>multomagis,</span> <span class='ocrx_word' id='word_1_182' title='bbox 968 2474 1077 2550; x_wconf 88' lang='lat' dir='ltr'>quarn</span> <span class='ocrx_word' id='word_1_183' title='bbox 1099 2450 1139 2527; x_wconf 90' lang='lat' dir='ltr'>in</span> <span class='ocrx_word' id='word_1_184' title='bbox 1172 2451 1335 2551; x_wconf 81' lang='lat' dir='ltr'>quolibet</span> <span class='ocrx_word' id='word_1_185' title='bbox 1359 2448 1597 2537; x_wconf 84' lang='lat' dir='ltr'>Monallerio,</span> <span class='ocrx_word' id='word_1_186' title='bbox 1646 2449 1749 2548; x_wconf 87' lang='lat' dir='ltr'>proli·</span> 
     </span>
     <span class='ocr_line' id='line_1_20' title="bbox 118 2567 1745 2667; baseline -0.001 -21"><span class='ocrx_word' id='word_1_187' title='bbox 118 2592 211 2646; x_wconf 88' lang='lat' dir='ltr'>cere.</span> <span class='ocrx_word' id='word_1_188' title='bbox 261 2570 303 2645; x_wconf 88' lang='lat' dir='ltr'>Si</span> <span class='ocrx_word' id='word_1_189' title='bbox 327 2580 451 2645; x_wconf 81' lang='lat' dir='ltr'>tannen</span> <span class='ocrx_word' id='word_1_190' title='bbox 478 2568 695 2645; x_wconf 74' lang='lat' dir='ltr'>Reuerendo</span> <span class='ocrx_word' id='word_1_191' title='bbox 719 2569 923 2645; x_wconf 76' lang='lat' dir='ltr'>paternitas</span> <span class='ocrx_word' id='word_1_192' title='bbox 948 2582 1012 2645; x_wconf 87' lang='lat' dir='ltr'>tua</span> <span class='ocrx_word' id='word_1_193' title='bbox 1037 2569 1228 2667; x_wconf 87' lang='lat' dir='ltr'>completis</span> <span class='ocrx_word' id='word_1_194' title='bbox 1252 2570 1377 2647; x_wconf 80' lang='lat' dir='ltr'>studiis</span> <span class='ocrx_word' id='word_1_195' title='bbox 1400 2594 1513 2649; x_wconf 82' lang='lat' dir='ltr'>vnum</span> <span class='ocrx_word' id='word_1_196' title='bbox 1541 2567 1745 2647; x_wconf 81' lang='lat' dir='ltr'>alterumue</span> 
     </span>
     <span class='ocr_line' id='line_1_21' title="bbox 117 2686 1748 2788; baseline -0.001 -21"><span class='ocrx_word' id='word_1_197' title='bbox 117 2689 300 2787; x_wconf 82' lang='lat' dir='ltr'>ejusmodi</span> <span class='ocrx_word' id='word_1_198' title='bbox 325 2688 504 2787; x_wconf 87' lang='lat' dir='ltr'>Juuenem</span> <span class='ocrx_word' id='word_1_199' title='bbox 532 2690 579 2766; x_wconf 92' lang='lat' dir='ltr'>ad</span> <span class='ocrx_word' id='word_1_200' title='bbox 603 2689 861 2785; x_wconf 81' lang='lat' dir='ltr'>perficiendum</span> <span class='ocrx_word' id='word_1_201' title='bbox 889 2687 1051 2788; x_wconf 86' lang='lat' dir='ltr'>spiritum</span> <span class='ocrx_word' id='word_1_202' title='bbox 1076 2688 1151 2767; x_wconf 89' lang='lat' dir='ltr'>lruc</span> <span class='ocrx_word' id='word_1_203' title='bbox 1176 2691 1323 2768; x_wconf 88' lang='lat' dir='ltr'>mittere</span> <span class='ocrx_word' id='word_1_204' title='bbox 1350 2688 1468 2775; x_wconf 76' lang='lat' dir='ltr'>velit,</span> <span class='ocrx_word' id='word_1_205' title='bbox 1500 2686 1641 2785; x_wconf 80' lang='lat' dir='ltr'>apertis</span> <span class='ocrx_word' id='word_1_206' title='bbox 1662 2711 1748 2765; x_wconf 86' lang='lat' dir='ltr'>euru</span> 
     </span>
     <span class='ocr_line' id='line_1_22' title="bbox 40 2806 1747 2921; baseline -0.002 -36"><span class='ocrx_word' id='word_1_207' title='bbox 40 2890 53 2921; x_wconf 35' lang='grc' dir='ltr'><strong>ι</strong></span> <span class='ocrx_word' id='word_1_208' title='bbox 119 2820 187 2887; x_wconf 89' lang='lat' dir='ltr'>aut</span> <span class='ocrx_word' id='word_1_209' title='bbox 207 2832 272 2886; x_wconf 85' lang='lat' dir='ltr'>eos</span> <span class='ocrx_word' id='word_1_210' title='bbox 296 2833 372 2907; x_wconf 88' lang='lat' dir='ltr'>non</span> <span class='ocrx_word' id='word_1_211' title='bbox 399 2821 543 2885; x_wconf 88' lang='lat' dir='ltr'>tantum</span> <span class='ocrx_word' id='word_1_212' title='bbox 575 2809 731 2885; x_wconf 89' lang='lat' dir='ltr'>brachiis</span> <span class='ocrx_word' id='word_1_213' title='bbox 760 2809 1009 2907; x_wconf 85' lang='lat' dir='ltr'>suscipiemus,</span> <span class='ocrx_word' id='word_1_214' title='bbox 1042 2808 1108 2895; x_wconf 82' lang='lat' dir='ltr'>sed</span> <span class='ocrx_word' id='word_1_215' title='bbox 1138 2808 1252 2887; x_wconf 88' lang='lat' dir='ltr'>etiam</span> <span class='ocrx_word' id='word_1_216' title='bbox 1280 2820 1321 2888; x_wconf 86' lang='lat' dir='ltr'>vt</span> <span class='ocrx_word' id='word_1_217' title='bbox 1350 2806 1444 2884; x_wconf 86' lang='lat' dir='ltr'>filios</span> <span class='ocrx_word' id='word_1_218' title='bbox 1466 2811 1504 2887; x_wconf 87' lang='lat' dir='ltr'>de</span> <span class='ocrx_word' id='word_1_219' title='bbox 1531 2807 1667 2884; x_wconf 72' lang='lat' dir='ltr'>datter</span> <span class='ocrx_word' id='word_1_220' title='bbox 1696 2808 1747 2881; x_wconf 76' lang='lat' dir='ltr'>so</span> 
     </span>
     <span class='ocr_line' id='line_1_23' title="bbox 118 2924 1747 3013; baseline -0.001 -6"><span class='ocrx_word' id='word_1_221' title='bbox 118 2927 295 3007; x_wconf 83' lang='lat' dir='ltr'>rebimue.</span> <span class='ocrx_word' id='word_1_222' title='bbox 346 2925 576 3004; x_wconf 86' lang='lat' dir='ltr'>Commendo</span> <span class='ocrx_word' id='word_1_223' title='bbox 594 2952 654 3005; x_wconf 88' lang='lat' dir='ltr'>me</span> <span class='ocrx_word' id='word_1_224' title='bbox 677 2928 872 3013; x_wconf 87' lang='lat' dir='ltr'>Charitati,</span> <span class='ocrx_word' id='word_1_225' title='bbox 900 2929 939 3007; x_wconf 82' lang='lat' dir='ltr'>de</span> <span class='ocrx_word' id='word_1_226' title='bbox 958 2926 1139 3003; x_wconf 85' lang='lat' dir='ltr'>sacrificiis</span> <span class='ocrx_word' id='word_1_227' title='bbox 1162 2927 1294 3005; x_wconf 79' lang='lat' dir='ltr'>vestris</span> <span class='ocrx_word' id='word_1_228' title='bbox 1345 2927 1446 3004; x_wconf 92' lang='lat' dir='ltr'>Deus</span> <span class='ocrx_word' id='word_1_229' title='bbox 1466 2924 1676 3005; x_wconf 74' lang='lat' dir='ltr'>nobiscum.</span> <span class='ocrx_word' id='word_1_230' title='bbox 1700 2966 1747 2983; x_wconf 91' lang='lat'><em>-</em></span> 
     </span>
     <span class='ocr_line' id='line_1_24' title="bbox 118 3045 1747 3147; baseline -0.002 -20"><span class='ocrx_word' id='word_1_231' title='bbox 118 3048 253 3129; x_wconf 77' lang='lat' dir='ltr'>Altum</span> <span class='ocrx_word' id='word_1_232' title='bbox 281 3060 405 3124; x_wconf 90' lang='lat' dir='ltr'>tamen</span> <span class='ocrx_word' id='word_1_233' title='bbox 433 3046 511 3142; x_wconf 88' lang='lat' dir='ltr'>jam</span> <span class='ocrx_word' id='word_1_234' title='bbox 539 3060 647 3124; x_wconf 87' lang='lat' dir='ltr'>antea</span> <span class='ocrx_word' id='word_1_235' title='bbox 674 3072 772 3125; x_wconf 90' lang='lat' dir='ltr'>auno</span> <span class='ocrx_word' id='word_1_236' title='bbox 796 3047 931 3123; x_wconf 88' lang='lat' dir='ltr'>scilicet</span> <span class='ocrx_word' id='word_1_237' title='bbox 961 3068 1064 3140; x_wconf 78' lang='lat'>1599.</span> <span class='ocrx_word' id='word_1_238' title='bbox 1090 3048 1138 3123; x_wconf 88' lang='lat' dir='ltr'>de</span> <span class='ocrx_word' id='word_1_239' title='bbox 1163 3045 1368 3125; x_wconf 75' lang='lat' dir='ltr'>seminario</span> <span class='ocrx_word' id='word_1_240' title='bbox 1399 3045 1562 3147; x_wconf 82' lang='lat' dir='ltr'>Friborgr‘</span> <span class='ocrx_word' id='word_1_241' title='bbox 1586 3049 1747 3125; x_wconf 89' lang='lat' dir='ltr'>conden-</span> 
     </span>
     <span class='ocr_line' id='line_1_25' title="bbox 120 3165 1743 3265; baseline -0.003 -20"><span class='ocrx_word' id='word_1_242' title='bbox 120 3170 188 3255; x_wconf 92' lang='lat' dir='ltr'>do,</span> <span class='ocrx_word' id='word_1_243' title='bbox 231 3168 271 3245; x_wconf 90' lang='lat'>&amp;</span> <span class='ocrx_word' id='word_1_244' title='bbox 299 3166 549 3244; x_wconf 72' lang='lat' dir='ltr'>umueundo</span> <span class='ocrx_word' id='word_1_245' title='bbox 585 3166 671 3245; x_wconf 91' lang='lat' dir='ltr'>illuc</span> <span class='ocrx_word' id='word_1_246' title='bbox 697 3167 814 3245; x_wconf 86' lang='lat' dir='ltr'>studio</span> <span class='ocrx_word' id='word_1_247' title='bbox 845 3165 1064 3251; x_wconf 83' lang='lat' dir='ltr'>Mouastico,</span> <span class='ocrx_word' id='word_1_248' title='bbox 1113 3189 1161 3243; x_wconf 84' lang='lat' dir='ltr'>ex</span> <span class='ocrx_word' id='word_1_249' title='bbox 1185 3168 1336 3244; x_wconf 81' lang='lat' dir='ltr'>Litteris</span> <span class='ocrx_word' id='word_1_250' title='bbox 1365 3167 1563 3264; x_wconf 73' lang='lat' dir='ltr'>Hieronymi</span> <span class='ocrx_word' id='word_1_251' title='bbox 1585 3165 1743 3265; x_wconf 64' lang='lat' dir='ltr'>Epiſtrmpi</span> 
     </span>
     <span class='ocr_line' id='line_1_26' title="bbox 120 3283 1743 3383; baseline -0.004 -17"><span class='ocrx_word' id='word_1_252' title='bbox 120 3287 253 3366; x_wconf 86' lang='lat' dir='ltr'>Adrioe</span> <span class='ocrx_word' id='word_1_253' title='bbox 285 3288 332 3363; x_wconf 86' lang='lat' dir='ltr'>ad</span> <span class='ocrx_word' id='word_1_254' title='bbox 364 3286 548 3366; x_wconf 87' lang='lat' dir='ltr'>Abbatem</span> <span class='ocrx_word' id='word_1_255' title='bbox 583 3285 741 3363; x_wconf 84' lang='lat' dir='ltr'>nostrum</span> <span class='ocrx_word' id='word_1_256' title='bbox 770 3285 937 3382; x_wconf 87' lang='lat' dir='ltr'>ejusdem</span> <span class='ocrx_word' id='word_1_257' title='bbox 969 3285 1056 3361; x_wconf 90' lang='lat' dir='ltr'>anni</span> <span class='ocrx_word' id='word_1_258' title='bbox 1083 3308 1116 3382; x_wconf 82' lang='lat'>7.</span> <span class='ocrx_word' id='word_1_259' title='bbox 1146 3285 1371 3383; x_wconf 87' lang='lat' dir='ltr'>Septembris</span> <span class='ocrx_word' id='word_1_260' title='bbox 1402 3283 1620 3363; x_wconf 84' lang='lat' dir='ltr'>transmiliis</span> <span class='ocrx_word' id='word_1_261' title='bbox 1648 3284 1743 3362; x_wconf 83' lang='lat' dir='ltr'>disei-</span> 
     </span>
     <span class='ocr_line' id='line_1_27' title="bbox 121 3405 1746 3509; baseline -0.003 -26"><span class='ocrx_word' id='word_1_262' title='bbox 121 3428 215 3483; x_wconf 84' lang='lat' dir='ltr'>mus.</span> <span class='ocrx_word' id='word_1_263' title='bbox 263 3406 408 3505; x_wconf 81' lang='lat' dir='ltr'>Accepi,</span> <span class='ocrx_word' id='word_1_264' title='bbox 448 3405 584 3501; x_wconf 92' lang='lat' dir='ltr'>inquit,</span> <span class='ocrx_word' id='word_1_265' title='bbox 629 3405 781 3483; x_wconf 68' lang='lat' dir='ltr'>Iltreros</span> <span class='ocrx_word' id='word_1_266' title='bbox 802 3411 858 3505; x_wconf 89' lang='lat' dir='ltr'>m)</span> <span class='ocrx_word' id='word_1_267' title='bbox 888 3408 1136 3483; x_wconf 86' lang='lat' dir='ltr'>Domiooliooir</span> <span class='ocrx_word' id='word_1_268' title='bbox 1171 3411 1290 3509; x_wconf 78' lang='lat' dir='ltr'>ueslroe</span> <span class='ocrx_word' id='word_1_269' title='bbox 1321 3428 1377 3504; x_wconf 75' lang='lat'>¹7·</span> <span class='ocrx_word' id='word_1_270' title='bbox 1408 3406 1571 3506; x_wconf 78' lang='lat' dir='ltr'>Augusti,</span> <span class='ocrx_word' id='word_1_271' title='bbox 1617 3428 1746 3502; x_wconf 75' lang='lat' dir='ltr'>compo</span> 
     </span>
     <span class='ocr_line' id='line_1_28' title="bbox 124 3522 1745 3622; baseline -0.002 -20"><span class='ocrx_word' id='word_1_272' title='bbox 124 3523 345 3613; x_wconf 81' lang='lat' dir='ltr'>„tabellarios</span> <span class='ocrx_word' id='word_1_273' title='bbox 371 3523 513 3609; x_wconf 81' lang='lat' dir='ltr'>festloet</span> <span class='ocrx_word' id='word_1_274' title='bbox 539 3522 750 3611; x_wconf 84' lang='lat' dir='ltr'>Discessum,</span> <span class='ocrx_word' id='word_1_275' title='bbox 790 3526 899 3603; x_wconf 87' lang='lat' dir='ltr'>debui</span> <span class='ocrx_word' id='word_1_276' title='bbox 926 3549 995 3622; x_wconf 88' lang='lat' dir='ltr'>ego</span> <span class='ocrx_word' id='word_1_277' title='bbox 1022 3524 1135 3603; x_wconf 84' lang='lat' dir='ltr'>etiam</span> <span class='ocrx_word' id='word_1_278' title='bbox 1163 3524 1280 3603; x_wconf 85' lang='lat' dir='ltr'>statim</span> <span class='ocrx_word' id='word_1_279' title='bbox 1309 3524 1468 3621; x_wconf 85' lang='lat' dir='ltr'>cogitare</span> <span class='ocrx_word' id='word_1_280' title='bbox 1497 3524 1545 3599; x_wconf 92' lang='lat' dir='ltr'>de</span> <span class='ocrx_word' id='word_1_281' title='bbox 1568 3523 1745 3621; x_wconf 81' lang='lat' dir='ltr'>responso</span> 
     </span>
     <span class='ocr_line' id='line_1_29' title="bbox 121 3634 1747 3750; baseline -0.004 -27"><span class='ocrx_word' id='word_1_282' title='bbox 121 3643 321 3732; x_wconf 87' lang='lat' dir='ltr'>„Gratulor</span> <span class='ocrx_word' id='word_1_283' title='bbox 346 3644 392 3719; x_wconf 88' lang='lat' dir='ltr'>de</span> <span class='ocrx_word' id='word_1_284' title='bbox 420 3656 635 3738; x_wconf 83' lang='lat' dir='ltr'>augmento,</span> <span class='ocrx_word' id='word_1_285' title='bbox 670 3644 709 3723; x_wconf 84' lang='lat' dir='ltr'>de</span> <span class='ocrx_word' id='word_1_286' title='bbox 735 3643 913 3741; x_wconf 83' lang='lat' dir='ltr'>progressu</span> <span class='ocrx_word' id='word_1_287' title='bbox 936 3643 1145 3729; x_wconf 86' lang='lat' dir='ltr'>Reuerendi</span> <span class='ocrx_word' id='word_1_288' title='bbox 1169 3644 1288 3721; x_wconf 90' lang='lat' dir='ltr'>Patria</span> <span class='ocrx_word' id='word_1_289' title='bbox 1315 3642 1415 3750; x_wconf 65' lang='lat' dir='ltr'>eJulir&#39;</span> <span class='ocrx_word' id='word_1_290' title='bbox 1427 3698 1439 3731; x_wconf 95' lang='lat'>,</span> <span class='ocrx_word' id='word_1_291' title='bbox 1476 3634 1590 3740; x_wconf 83' lang='lat' dir='ltr'>quem</span> <span class='ocrx_word' id='word_1_292' title='bbox 1617 3644 1747 3721; x_wconf 82' lang='lat' dir='ltr'>Mona·</span> 
     </span>
     <span class='ocr_line' id='line_1_30' title="bbox 112 3760 1745 3866; baseline -0.001 -28"><span class='ocrx_word' id='word_1_293' title='bbox 112 3762 341 3861; x_wconf 86' lang='lat' dir='ltr'>„sterlorum</span> <span class='ocrx_word' id='word_1_294' title='bbox 371 3765 530 3839; x_wconf 85' lang='lat' dir='ltr'>Sueuiae</span> <span class='ocrx_word' id='word_1_295' title='bbox 560 3762 835 3866; x_wconf 64' lang='lat' dir='ltr'>uomentem,</span> <span class='ocrx_word' id='word_1_296' title='bbox 863 3764 902 3841; x_wconf 78' lang='lat' dir='ltr'>de</span> <span class='ocrx_word' id='word_1_297' title='bbox 932 3761 1030 3862; x_wconf 81' lang='lat' dir='ltr'>quast</span> <span class='ocrx_word' id='word_1_298' title='bbox 1067 3763 1259 3842; x_wconf 79' lang='lat' dir='ltr'>(immolem</span> <span class='ocrx_word' id='word_1_299' title='bbox 1300 3762 1554 3861; x_wconf 83' lang='lat' dir='ltr'>elonginquo</span> <span class='ocrx_word' id='word_1_300' title='bbox 1595 3760 1745 3859; x_wconf 87' lang='lat' dir='ltr'>aspicio,</span> 
     </span>
     <span class='ocr_line' id='line_1_31' title="bbox 122 3879 1745 3980; baseline -0.003 -18"><span class='ocrx_word' id='word_1_301' title='bbox 122 3885 192 3971; x_wconf 83' lang='lat' dir='ltr'>„di</span> <span class='ocrx_word' id='word_1_302' title='bbox 217 3884 316 3980; x_wconf 92' lang='lat' dir='ltr'>spero</span> <span class='ocrx_word' id='word_1_303' title='bbox 342 3882 466 3959; x_wconf 88' lang='lat' dir='ltr'>omnia</span> <span class='ocrx_word' id='word_1_304' title='bbox 492 3880 668 3969; x_wconf 74' lang='lat' dir='ltr'>foeliciter</span> <span class='ocrx_word' id='word_1_305' title='bbox 700 3885 738 3961; x_wconf 86' lang='lat' dir='ltr'>de</span> <span class='ocrx_word' id='word_1_306' title='bbox 762 3880 897 3961; x_wconf 74' lang='lat' dir='ltr'>utiliter</span> <span class='ocrx_word' id='word_1_307' title='bbox 919 3882 1121 3959; x_wconf 74' lang='lat' dir='ltr'>successura.</span> <span class='ocrx_word' id='word_1_308' title='bbox 1183 3880 1379 3961; x_wconf 86' lang='lat' dir='ltr'>Rationem</span> <span class='ocrx_word' id='word_1_309' title='bbox 1407 3892 1533 3958; x_wconf 87' lang='lat' dir='ltr'>autern</span> <span class='ocrx_word' id='word_1_310' title='bbox 1563 3879 1745 3978; x_wconf 77' lang='lat' dir='ltr'>erigendi,</span> 
     </span>
     <span class='ocr_line' id='line_1_32' title="bbox 120 3999 1743 4103; baseline 0 -26"><span class='ocrx_word' id='word_1_311' title='bbox 120 4002 211 4090; x_wconf 92' lang='lat' dir='ltr'>„seu</span> <span class='ocrx_word' id='word_1_312' title='bbox 233 4001 441 4079; x_wconf 80' lang='lat' dir='ltr'>instituendi</span> <span class='ocrx_word' id='word_1_313' title='bbox 464 4000 691 4079; x_wconf 87' lang='lat' dir='ltr'>seminarium</span> <span class='ocrx_word' id='word_1_314' title='bbox 711 4002 949 4079; x_wconf 87' lang='lat' dir='ltr'>monasticum</span> <span class='ocrx_word' id='word_1_315' title='bbox 966 3999 1129 4103; x_wconf 82' lang='lat' dir='ltr'>Friborgr‘</span> <span class='ocrx_word' id='word_1_316' title='bbox 1139 4058 1152 4092; x_wconf 89' lang='lat'>,</span> <span class='ocrx_word' id='word_1_317' title='bbox 1174 4026 1249 4078; x_wconf 94' lang='lat' dir='ltr'>non</span> <span class='ocrx_word' id='word_1_318' title='bbox 1270 4001 1401 4101; x_wconf 89' lang='lat' dir='ltr'>probo,·</span> <span class='ocrx_word' id='word_1_319' title='bbox 1424 3999 1636 4098; x_wconf 82' lang='lat' dir='ltr'>praesertim</span> <span class='ocrx_word' id='word_1_320' title='bbox 1661 4022 1743 4077; x_wconf 86' lang='lat' dir='ltr'>cum</span> 
     </span>
     <span class='ocr_line' id='line_1_33' title="bbox 122 4118 1741 4217; baseline 0.004 -21"><span class='ocrx_word' id='word_1_321' title='bbox 122 4122 354 4211; x_wconf 86' lang='lat' dir='ltr'>„habeamus</span> <span class='ocrx_word' id='word_1_322' title='bbox 382 4120 585 4199; x_wconf 84' lang='lat' dir='ltr'>testimonia</span> <span class='ocrx_word' id='word_1_323' title='bbox 617 4120 849 4198; x_wconf 85' lang='lat' dir='ltr'>celeberrima</span> <span class='ocrx_word' id='word_1_324' title='bbox 886 4122 1050 4199; x_wconf 80' lang='lat' dir='ltr'>immensa</span> <span class='ocrx_word' id='word_1_325' title='bbox 1085 4123 1221 4203; x_wconf 74' lang='lat' dir='ltr'>fruetus</span> <span class='ocrx_word' id='word_1_326' title='bbox 1256 4146 1305 4199; x_wconf 80' lang='lat' dir='ltr'>ex</span> <span class='ocrx_word' id='word_1_327' title='bbox 1339 4118 1555 4217; x_wconf 84' lang='lat' dir='ltr'>Dillinganis</span> <span class='ocrx_word' id='word_1_328' title='bbox 1596 4118 1741 4203; x_wconf 82' lang='lat' dir='ltr'>scholis.</span> 
     </span>
     <span class='ocr_line' id='line_1_34' title="bbox 122 4237 1743 4343; baseline 0.001 -29"><span class='ocrx_word' id='word_1_329' title='bbox 122 4263 226 4338; x_wconf 88' lang='lat' dir='ltr'>„qua</span> <span class='ocrx_word' id='word_1_330' title='bbox 253 4239 293 4315; x_wconf 91' lang='lat' dir='ltr'>in</span> <span class='ocrx_word' id='word_1_331' title='bbox 319 4262 361 4315; x_wconf 87' lang='lat' dir='ltr'>re</span> <span class='ocrx_word' id='word_1_332' title='bbox 386 4240 498 4317; x_wconf 89' lang='lat' dir='ltr'>miror</span> <span class='ocrx_word' id='word_1_333' title='bbox 521 4239 722 4325; x_wconf 83' lang='lat' dir='ltr'>Monachus</span> <span class='ocrx_word' id='word_1_334' title='bbox 749 4242 787 4319; x_wconf 86' lang='lat' dir='ltr'>de</span> <span class='ocrx_word' id='word_1_335' title='bbox 809 4237 977 4317; x_wconf 59' lang='lat' dir='ltr'>Atalmo</span> <span class='ocrx_word' id='word_1_336' title='bbox 999 4238 1039 4320; x_wconf 88' lang='lat' dir='ltr'>S.</span> <span class='ocrx_word' id='word_1_337' title='bbox 1064 4240 1174 4343; x_wconf 80' lang='lat' dir='ltr'>Blofir&#39;</span> <span class='ocrx_word' id='word_1_338' title='bbox 1194 4242 1235 4319; x_wconf 90' lang='lat' dir='ltr'>id</span> <span class='ocrx_word' id='word_1_339' title='bbox 1258 4240 1469 4325; x_wconf 71' lang='lat' dir='ltr'>Considere,</span> <span class='ocrx_word' id='word_1_340' title='bbox 1502 4260 1610 4326; x_wconf 87' lang='lat' dir='ltr'>cum,</span> <span class='ocrx_word' id='word_1_341' title='bbox 1643 4238 1743 4340; x_wconf 89' lang='lat' dir='ltr'>quid·</span> 
     </span>
     <span class='ocr_line' id='line_1_35' title="bbox 124 4355 1742 4461; baseline 0.001 -26"><span class='ocrx_word' id='word_1_342' title='bbox 124 4355 243 4457; x_wconf 86' lang='lat' dir='ltr'>„quid</span> <span class='ocrx_word' id='word_1_343' title='bbox 272 4356 411 4439; x_wconf 86' lang='lat' dir='ltr'>habent</span> <span class='ocrx_word' id='word_1_344' title='bbox 440 4359 546 4446; x_wconf 88' lang='lat' dir='ltr'>boul,</span> <span class='ocrx_word' id='word_1_345' title='bbox 593 4382 642 4435; x_wconf 81' lang='lat' dir='ltr'>ex</span> <span class='ocrx_word' id='word_1_346' title='bbox 671 4360 835 4461; x_wconf 83' lang='lat' dir='ltr'>Dillirrga</span> <span class='ocrx_word' id='word_1_347' title='bbox 859 4358 931 4435; x_wconf 86' lang='lat' dir='ltr'>illis</span> <span class='ocrx_word' id='word_1_348' title='bbox 964 4360 1165 4451; x_wconf 78' lang='lat' dir='ltr'>accesserit,</span> <span class='ocrx_word' id='word_1_349' title='bbox 1202 4364 1263 4445; x_wconf 88' lang='lat' dir='ltr'>sed</span> <span class='ocrx_word' id='word_1_350' title='bbox 1288 4362 1383 4441; x_wconf 88' lang='lat' dir='ltr'>sorte</span> <span class='ocrx_word' id='word_1_351' title='bbox 1409 4358 1608 4440; x_wconf 80' lang='lat' dir='ltr'>nutabunt</span> <span class='ocrx_word' id='word_1_352' title='bbox 1631 4355 1742 4437; x_wconf 73' lang='lat' dir='ltr'>eond-</span> 
     </span>
    </p>
   </div>
   <div class='ocr_carea' id='block_1_3' title="bbox 124 4474 1053 4595">
    <p class='ocr_par' dir='ltr' id='par_1_3' title="bbox 124 4474 1053 4595">
     <span class='ocr_line' id='line_1_36' title="bbox 124 4474 1053 4595; baseline 0.002 -42"><span class='ocrx_word' id='word_1_353' title='bbox 124 4476 257 4567; x_wconf 79' lang='lat' dir='ltr'>„lium</span> <span class='ocrx_word' id='word_1_354' title='bbox 309 4474 448 4576; x_wconf 81' lang='lat' dir='ltr'>(Ristrm</span> <span class='ocrx_word' id='word_1_355' title='bbox 473 4480 611 4559; x_wconf 72' lang='lat' dir='ltr'>omme</span> <span class='ocrx_word' id='word_1_356' title='bbox 636 4479 754 4557; x_wconf 76' lang='lat' dir='ltr'>aedri!</span> <span class='ocrx_word' id='word_1_357' title='bbox 784 4483 951 4585; x_wconf 22' lang='lat' dir='ltr'>pergit-r)¹</span> <span class='ocrx_word' id='word_1_358' title='bbox 1048 4588 1053 4595; x_wconf 21' lang='grc' dir='ltr'>ι</span> 
     </span>
    </p>
   </div>
   <div class='ocr_carea' id='block_1_4' title="bbox 167 4594 1741 4807">
    <p class='ocr_par' dir='ltr' id='par_1_4' title="bbox 167 4594 1741 4807">
     <span class='ocr_line' id='line_1_37' title="bbox 167 4594 1741 4807; baseline 0.003 -6"><span class='ocrx_word' id='word_1_359' title='bbox 167 4716 195 4801; x_wconf 88' lang='lat'>¹)</span> <span class='ocrx_word' id='word_1_360' title='bbox 221 4692 301 4788; x_wconf 74' lang='lat' dir='ltr'>roo.</span> <span class='ocrx_word' id='word_1_361' title='bbox 319 4735 372 4802; x_wconf 80' lang='lat'>31·</span> <span class='ocrx_word' id='word_1_362' title='bbox 389 4714 445 4802; x_wconf 75' lang='lat' dir='ltr'>m.</span> <span class='ocrx_word' id='word_1_363' title='bbox 466 4716 558 4806; x_wconf 73' lang='lat' dir='ltr'>ero‘</span> <span class='ocrx_word' id='word_1_364' title='bbox 646 4717 697 4801; x_wconf 77' lang='lat' dir='ltr'>u)</span> <span class='ocrx_word' id='word_1_365' title='bbox 722 4716 803 4787; x_wconf 79' lang='lat' dir='ltr'>roo.</span> <span class='ocrx_word' id='word_1_366' title='bbox 822 4737 875 4804; x_wconf 83' lang='lat'>29·</span> <span class='ocrx_word' id='word_1_367' title='bbox 888 4714 945 4804; x_wconf 71' lang='lat' dir='ltr'>sol·</span> <span class='ocrx_word' id='word_1_368' title='bbox 965 4735 1042 4807; x_wconf 75' lang='lat' dir='ltr'>saa·</span> <span class='ocrx_word' id='word_1_369' title='bbox 1628 4594 1741 4675; x_wconf 51' lang='lat' dir='ltr'>Dm</span> 
     </span>
    </p>
   </div>
   <div class='ocr_carea' id='block_1_5' title="bbox 0 0 1872 5160">
    <p class='ocr_par' dir='ltr' id='par_1_5' title="bbox 0 0 1872 5160">
     <span class='ocr_line' id='line_1_38' title="bbox 0 0 1872 5160; baseline 0 1"><span class='ocrx_word' id='word_1_370' title='bbox 0 0 1872 5160; x_wconf 95' lang='lat' dir='ltr'> </span> 
     </span>
    </p>
   </div>
  </div>
 </body>
</html>
