3742 5160
120 257 193 339 308
393 268 395 273 ’
596 339 601 354 ,
722 248 1142 341 *mie*

119 422 345 521 ,dssigenter
375 418 515 521 scriptis
555 419 803 502 intelleximus
836 424 950 503 multa
986 424 1070 501 sane
1097 448 1182 501 cunr
1209 420 1412 523 voluptate,
1446 432 1489 501 te
1514 420 1554 502 in
1580 423 1749 524 proximu

122 547 350 634 „Conuentu
371 542 600 645 Rutispoueufi
620 536 832 619 Catholicae
850 544 1029 643 Religioni
1053 543 1266 643 &publicae
1290 545 1441 631 causae,
1465 567 1616 640 proca,
1636 568 1749 645 quarn

121 668 146 751 ',‚
153 663 249 760 geris
280 664 443 758 persona.
471 664 508 738 dr
527 682 698 749 munere,
723 665 818 751 voti,
848 676 889 742 vt
919 664 1119 764 appeliant,
1143 665 1372 742 Proelotoronr
1401 660 1557 743 Suessae,
1590 664 1752 764 praeclu-¹

36 843 40 852 .
123 807 231 869 „ram
260 804 405 878 operam
434 778 587 856 naualse.
614 795 618 807 '
645 781 720 858 Sed
745 784 843 881 quod
873 796 981 882 caput
1011 781 1082 868 est,
1109 777 1333 881 accepimus,
1371 795 1413 859 te
1429 782 1595 860 coelestis
1610 784 1751 879 gratim

123 900 293 999 „Spiritu
316 900 354 978 u
385 899 548 975 salutaris
582 898 868 978 Reformationis
898 897 986 979 Zelo
1018 899 1204 979 incensum
1221 899 1497 997 monasterium
1524 926 1634 979 curae
1662 914 1750 979 tuae

120 1020 354 1106 „creditum,
386 1019 550 1114 singulari
575 1020 719 1095 Pietate
737 1020 992 1098 &Prudentia
1017 1022 1283 1107 administrare,
1314 1022 1385 1110 ita,
1410 1034 1451 1100 vt
1474 1024 1572 1097 inter
1598 1019 1749 1118 iosrgnia

82 1136 99 1170 ·’
122 1138 252 1227 „iltius
294 1138 506 1214 Prouinciae
537 1134 756 1213 Mooasteria
787 1142 823 1218 ἀ
859 1140 1121 1219 Monachorum
1157 1134 1331 1226 numero,
1381 1143 1419 1218 ὄι
1453 1139 1671 1238 Disciplina,
1709 1142 1750 1219 ἀ

123 1259 277 1350 „omnis
301 1256 474 1353 regularis
501 1256 599 1333 vitae
622 1258 846 1336 obseruantia
870 1259 1083 1356 praeluceat
1136 1256 1221 1335 Hoc
1241 1260 1416 1356 gaudium
1441 1261 1623 1344 nostmm,
1655 1261 1750 1336 itaer

120 1376 340 1466 „Exultatio
365 1377 415 1452 est
437 1376 526 1467 Fili,
559 1399 644 1452 cum
668 1379 837 1452 audimus
860 1379 1041 1472 religiosos
1064 1379 1268 1455 homiues
1257 1402 1296 1454 rn
1322 1381 1436 1457 santia
1464 1378 1660 1455 vocatione
1688 1378 1751 1456 set

121 1497 307 1584 „fideliter
332 1496 484 1584 seruire,
512 1496 720 1592 praesertim
743 1495 926 1591 Praefatur
951 1498 989 1575 nr
1012 1498 1192 1584 Abbates,
1218 1501 1441 1597 adquorum
1466 1496 1749 1597 Exemplum&

121 1614 398 1706 „imitationem
416 1612 612 1691 inferiores
629 1615 905 1701 confirmantur,
932 1619 1002 1692 erit
1027 1616 1064 1693 in
1092 1617 1173 1694 coes
1171 1642 1193 1691 o
1209 1615 1349 1715 copiosa
1367 1615 1513 1694 Merces
1537 1630 1624 1704 uta,
1647 1618 1747 1717 quod

119 1751 254 1826 „tanta
278 1733 467 1831 diligentia
490 1730 616 1830 vigilas
642 1734 745 1831 super
764 1724 909 1831 gregem
934 1745 1058 1826 tuuro,
1094 1735 1133 1814 tlt
1152 1747 1192 1812 te
1211 1736 1268 1834 ips
1264 1760 1327 1812 um-
1348 1737 1387 1812 io
1409 1736 1616 1824 tenuitate
1637 1737 1749 1816 toda

121 1855 233 1946 „stria
258 1860 295 1935 dr
323 1850 506 1954 frequenti
531 1852 679 1931 diuinae
703 1850 851 1930 Hostiae
880 1854 1061 1932 oblatione
1084 1856 1242 1969 formam
1275 1856 1426 1955 praebes
1453 1858 1636 1938 bouem
1661 1872 1747 1977 ope

120 1997 233 2064 ,rum
258 1972 298 2055 u
329 1974 472 2051 animas
499 1970 638 2052 multae
663 1970 807 2050 Christo
826 1973 940 2051 lutari-
961 1964 1098 2103 studes·

216 2212 564 2310 „Commendamus
592 2227 633 2289 te
659 2208 697 2289 in
729 2207 889 2288 Domino
917 2204 1013 2300 Fili,
1038 2208 1242 2313 &Sponte
1263 2221 1468 2291 currentem
1496 2222 1605 2294 tanto
1632 2208 1744 2295 iiim

119 2329 227 2422 ,tius
251 2335 461 2421 hortamur,
483 2343 523 2410 vt
543 2333 601 2409 tui
620 2331 747 2410 smilis
766 2330 834 2420 sis,
857 2335 894 2412 dr
913 2329 1151 2409 Mmasticom
1173 2333 1303 2410 dnum
1324 2329 1486 2435 mustis
1474 2352 1513 2410 nt
1533 2328 1631 2412 locis
1649 2332 1743 2435 apud

119 2479 218 2544 „vos
244 2447 460 2550 collapsum,
483 2450 583 2551 qnod
611 2452 781 2528 dolenter
802 2446 978 2535 dicimus,
1007 2462 1074 2527 tuat
1098 2447 1182 2527 luce
1204 2452 1244 2530 δι
1271 2452 1385 2530 odore
1413 2454 1528 2555 bone,
1565 2464 1742 2558 quartuor

122 2571 237 2676 „Deo
256 2566 420 2670 adiutore
447 2584 572 2696 potes,
597 2571 717 2668 erigar
739 2575 776 2650 dt
806 2570 988 2660 uolones,
1017 2571 1181 2671 aliosque
1208 2572 1372 2650 sibbates
1395 2570 1537 2652 vicinos
1563 2581 1667 2657 tuos.
1703 2576 1741 2655 dt

122 2693 266 2783 ,etiarn
293 2689 506 2767 remotiores
538 2686 588 2767 ad
620 2689 835 2767 salutiferam
867 2687 1169 2767 Aemulationem
1199 2707 1394 2790 prouocet,
1429 2703 1469 2769 vt
1497 2690 1742 2772 atomorum

121 2866 142 2900 ‚,
150 2809 369 2906 glorificetur
399 2805 513 2895 Deus,
560 2802 654 2891 Tum
681 2830 828 2910 pergas,
850 2821 890 2888 rt
914 2811 1029 2896 soles,
1060 2807 1191 2909 quauis
1218 2806 1401 2886 occasione
1421 2808 1460 2884 in
1477 2811 1633 2909 publicis
1657 2820 1742 2888 oon·

118 2928 237 3020 „siliis
262 2935 297 3008 dr
324 2923 577 3006 conuentibus
608 2931 700 3008 bene
726 2931 854 3007 mereri
881 2931 927 3006 de
957 2924 1145 3024 Religione
1176 2924 1352 3004 cathofica
1376 2929 1416 3007 dc
1440 2928 1646 3007 Christiana
1670 2933 1741 3007 Re·

121 3047 315 3149 ,pubsrca,
350 3061 389 3127 vt
416 3073 487 3122 noe
510 3044 547 3125 di
568 3048 638 3124 hac
658 3048 776 3129 santia
796 3046 1000 3148 Apostolica
1028 3050 1127 3124 sedes
1149 3044 1269 3124 Mater
1294 3061 1359 3123 tua·
1378 3062 1414 3122 te
1439 3048 1581 3125 cotidie
1592 3050 1743 3155 magis,

119 3169 190 3257 „dc
218 3166 358 3244 meritis
385 3162 575 3254 laudibus,
597 3171 633 3248 u
657 3182 844 3244 maternae
868 3164 1038 3244 Caritatis
1061 3163 1190 3246 aliettu
1210 3186 1274 3266 pro
1278 3168 1449 3266 equatur
1506 3168 1645 3248 Datum
1671 3171 1738 3246 Ro·

120 3311 232 3374 ,mae
261 3288 359 3384 apud
376 3282 532 3367 anuum
556 3284 721 3364 Marcum
751 3286 810 3364 sub
840 3288 989 3366 Annulo
1014 3286 1203 3366 Pinaroris
1227 3286 1287 3364 die
1307 3287 1397 3367 Vlll
1426 3286 1595 3367 octobris
1621 3287 1677 3368 Μ’
1695 3290 1739 3366 Β

119 3405 201 3484 XCI
204 3407 265 3481 lll
291 3403 378 3480 Porrt
364 3403 472 3506 triscot
472 3432 509 3480 us
539 3410 646 3506 nostri
666 3408 776 3487 Auno
794 3411 906 3486 terrio

215 3638 340 3717 Zel'o
325 3636 437 3738 rgitur
460 3638 608 3737 Georgii
627 3634 733 3718 nollri
754 3643 909 3720 Romam
928 3658 1042 3743 usque
1067 3636 1226 3742 perlato,
1255 3637 1345 3744 qnid
1362 3639 1496 3722 mirum
1521 3638 1676 3745 quodie
1699 3641 1736 3725 io

119 3758 312 3840 viciniores
340 3783 486 3861 quoque
504 3774 617 3841 terras
636 3764 872 3839 extenderit?
922 3765 1031 3840 Certe
1052 3758 1091 3839 in
1112 3765 1232 3841 sueuia
1258 3763 1321 3841 vix
1344 3787 1457 3840 vnum
1481 3763 1654 3843 inuenies
1674 3768 1736 3845 Or·

119 3881 219 3967 dinis
239 3881 346 3956 nostri
370 3871 654 3967 Monasterium
676 3884 774 3979 quod
799 3905 872 3958 non
899 3905 920 3958 a
947 3883 1103 3978 Georgio
1129 3874 1331 3958 lilonacltos
1357 3893 1421 3957 aut
1454 3882 1502 3959 ad
1535 3887 1734 3964 docendam

23 4056 26 4061 -
117 4001 242 4102 petiit,
276 4012 340 4077 aut
362 4001 453 4077 alios
474 4001 525 4077 ad
549 3999 755 4078 discendunt
776 3998 1006 4102 Πιΐεῐρῐῐῃειη
1033 3999 1132 4078 iuter
1147 4000 1227 4077 suos
1250 3998 1360 4099 recipi
1382 3995 1586 4098 postulauit
1643 4005 1733 4088 Quin

117 4117 314 4199 remotiora
338 4137 482 4227 quoque
504 4115 709 4206 niceteria
730 4119 866 4220 virique
890 4132 977 4219 toga
1001 4124 1038 4201 or
1062 4122 1174 4200 Mine
1197 4118 1394 4277 venermdl
1419 4123 1579 4202 eundem
1605 4122 1733 4205 risten

117 4239 280 4340 precibus
309 4248 573 4315 conuenerunt

22 4528 24 4537 .
211 4468 326 4550 Sed
307 4497 385 4570 jam
407 4467 591 4572 speciatim
607 4488 819 4551 enumerare
840 4406 1046 4570 adgrediar,
1069 4465 1230 4575 quibus
1216 4498 1254 4552 m
1276 4467 1359 4593 irps
1360 4467 1650 4559 Reformationir
1664 4474 1731 4559 Ne·

114 4590 217 4693 gotio
236 4591 394 4671 adiuerit
417 4589 559 4672 Praesul
580 4592 798 4709 indecedus‚
822 4592 1053 4694 &equium
1079 4607 1120 4677 vt
1144 4564 1343 4678 adederit
1352 4610 1596 4695 orerogatus,
1619 4601 1660 4680 dr
1678 4598 1733 4676 lite

1418 4770 1427 4781 -
1649 4717 1731 4798 teti!
