3736 5160
121 217 224 297 =42r
466 316 470 325 Ι
756 198 1174 291 *ww
1637 282 1642 297 .

246 375 359 454 Anno
392 378 496 470 1615.
526 400 579 451 ιο.
596 375 730 453 martii
758 366 803 453 D·
839 376 1086 478 christophorus
1119 376 1280 453 Bittersin
1316 375 1482 453 officialis
1524 374 1743 480 erisuidmfis,

114 495 328 573 ‘oriundus
354 519 401 569 ex
427 497 524 592 Pago
559 496 763 572 Marchthal
801 519 910 594 prope
944 480 1198 572 monisterium
1230 496 1396 589 eiusdem
1433 495 1607 572 nominis.
1663 496 1744 573 Anno

2 623 21 705 ',
157 623 262 694 1616.
292 623 345 693 16.
375 596 497 694 Martii
529 614 573 690 D.
600 614 763 691 sisimirus
801 614 934 712 Wolser
968 614 1146 692 Ecclesiae
1174 615 1212 692 S.
1235 615 1374 694 Mariae
1400 615 1642 712 Rauenspnrgi
1665 614 1743 691 Paro

155 734 264 818 chus,
292 756 335 807 ac
358 732 504 829 capituli
527 732 654 809 ruralis
671 732 807 807 ibidem
829 734 1010 810 Decanus.
1085 741 1188 812 1621.
1215 761 1243 811 r.
1267 734 1368 833 iunii
1392 733 1435 808 D.
1456 732 1613 838 Journes
1631 733 1745 833 Psoron

154 851 375 979 Episcopaiis
399 844 531 926 Cuiiae
558 850 827 927 constantiensis
858 853 1146 941 communius,
1175 854 1214 932 ὅ(
1236 853 1374 930 Schosue
1404 852 1631 952 Wosffegenfis
1652 848 1746 928 Moue-

154 983 263 1049 rator.
313 970 425 1046 Anno
453 976 555 1064 ζόη.
590 994 647 1045 20.
668 972 894 1068 Septembris
929 974 974 1047 D.
1009 972 1174 1073 Georgius
1208 972 1367 1049 Krrncsel
1400 971 1576 1047 oriundus
1607 994 1654 1045 ex
1678 972 1748 1067 Pago

156 1090 324 1167 Attdorfl:
373 1089 515 1165 Eodem
537 1088 640 1163 'anno
661 1094 696 1164 ό.
715 1089 932 1167 Nouembris
963 1090 1007 1166 D.
1032 1090 1232 1195 Laurentius
1259 1091 1391 1190 integer
1416 1090 1564 1168 Ατῑίυω
1590 1092 1627 1166 dt
1658 1089 1749 1165 Philo

45 1200 51 1213 ’
148 1210 301 1309 <sophiae
323 1206 491 1302 Magister
519 1231 568 1282 ex
599 1205 732 1304 oppido
757 1207 993 1298 Waldseensr,
1027 1213 1066 1290 du
1094 1233 1190 1285 anno
1214 1209 1371 1307 denique
1407 1216 1512 1301 roas.
1540 1232 1594 1283 ιο.
1627 1207 1751 1285 Decem

157 1330 233 1407 bris
259 1328 303 1401 D.
325 1321 481 1431 jocosus
510 1322 637 1399 Hoimb
670 1325 710 1401 de
746 1324 1016 1428 Waidertsswsen
1051 1328 1258 1407 substitutus
1289 1327 1536 1407 cancellariae
1569 1326 1752 1405 prouincia

158 1449 198 1527 in
223 1447 343 1523 sueuia
366 1443 548 1522 Attuorffii
570 1443 623 1539 d).

255 1685 368 1762 Anno
398 1687 502 1776 1619.
534 1687 587 1760 16.
619 1679 829 1758 Decembris
866 1681 1023 1760 Psucidus
1061 1683 1186 1762 Abbas
1220 1681 1455 1779 Brigantinus
1485 1680 1679 1777 Georgium
1705 1704 1755 1757 no·

161 1806 301 1894 „sirum
338 1804 398 1879 his
439 1801 604 1899 precibus
632 1802 749 1878 adiit:
796 1802 907 1890 „Scit
933 1805 992 1880 sua
1015 1803 1329 1898 sReuerendiffima
1361 1801 1589 1887 paternitas,
1629 1803 1752 1899 quantia

163 1926 229 2013 „in
255 1924 423 2022 perieulis
447 1922 637 1999 fluminum
665 1925 704 2000 da
730 1921 881 1997 aliarum
909 1944 1029 1999 rerum
1051 1922 1233 1998 constituti
1257 1924 1373 2018 (proh
1401 1921 1527 2015 dolor)
1553 1919 1675 2007 samus,
1695 1921 1757 2019 qui·

22 2054 26 2061 '
161 2099 184 2137 ‚,
193 2046 262 2124 bus
285 2041 533 2129 subleuaudis,
555 2065 632 2119 non
655 2040 721 2119 nisi
745 2039 938 2122 austeritas
959 2042 1177 2123 Sereniffimi
1200 2040 1420 2118 Archiducis
1444 2040 1554 2116 nostri
1578 2039 1721 2117 sufficiet

261 2281 372 2368 „ideo
394 2302 481 2379 rogo
506 2278 665 2357 submisse
696 2279 1043 2358 Reuerendiisrmam
1075 2281 1333 2358 paternitatem
1363 2276 1517 2356 vestram
1548 2282 1594 2355 ab
1625 2302 1668 2354 ea
1688 2279 1754 2355 niti

165 2411 336 2486 „tantam
367 2401 519 2493 gratiam
542 2399 712 2486 concedi,
737 2403 773 2476 δι
800 2397 1017 2493 ῦςηίῆοετί.
1039 2423 1112 2498 quo
1138 2401 1197 2476 die
1229 2400 1431 2498 praedictus
1461 2397 1701 2475 Sereniisrmua
1720 2398 1754 2475 ad

164 2517 536 2607 „Reuerendiffimam
568 2517 827 2594 paternitatem
861 2518 1010 2592 vestram
1026 2518 1080 2591 'fit
1109 2528 1361 2603 venturus,'vt
1387 2510 1446 2594 me
1465 2517 1667 2606 humiliter,
1693 2516 1757 2593 usn

21 2660 27 2669 ·
164 2639 240 2724 „R.
266 2636 306 2712 Ρ.
333 2636 377 2714 V.
415 2634 560 2711 consilio
596 2636 634 2713 δι
664 2634 801 2710 auxilio
830 2634 1052 2733 praesentem
1092 2649 1161 2711 etc.
1195 2641 1250 2732 e).
1332 2637 1463 2713 rinno
1490 2659 1581 2712 mox
1624 2637 1758 2738 sequenti

167 2782 223 2833 ιο.
241 2754 466 2854 Septembris
494 2755 585 2829 asiae
623 2755 668 2829 ab
701 2754 832 2828 eodem
861 2753 1005 2829 Abbate
1040 2755 1234 2831 veniebant
1273 2756 1430 2831 Litterae
1473 2755 1509 2830 in
1551 2756 1651 2843 hune
1678 2772 1761 2834 tenu·

163 2900 268 2954 rem:
309 2873 438 2965 „Quia
469 2872 717 2952 Sereniffimus
750 2873 866 2947 noster
900 2871 1088 2948 Arciridux
1121 2874 1166 2948 ad
1197 2876 1358 2950 futurum
1393 2875 1490 2949 diem
1523 2875 1761 2972 Sabbathird

60 3044 66 3054 ·
165 2995 428 3096 „Brigantinus
456 2993 550 3073 lares
580 3015 644 3088 pro
680 3006 780 3066 certo
807 2990 940 3066 dicitur
968 3005 1166 3067 venturus:
1199 2994 1283 3069 ideo
1311 2984 1574 3092 suppiex'oro,
1607 3010 1761 3095 quatenu

164 3114 499 3205 „Reuerendissuna
531 3111 644 3188 vestra
674 3109 884 3185 ¹paternitas
914 3111 1005 3184 mihi
1040 3123 1177 3187 tantam
1209 3113 1362 3208 gratiam
1391 3113 1563 3189 exhibere
1598 3116 1705 3205 velit,
1736 3120 1763 3195 st

166 3290 188 3324 „
198 3235 398 3312 Dominum
427 3232 620 3307 Dostorem
662 3228 912 3304 Euerhardum
950 3230 997 3303 ad
1039 3214 1293 3307 Monasterium
1330 3252 1456 3308 meum
1500 3232 1687 3311 dimittere
1715 3241 1763 3329 (rt

167 3354 288 3447 „mihi
313 3374 433 3428 coram
460 3349 612 3446 gratiose
639 3347 828 3442 conceffit)
856 3349 903 3455 ad
930 3349 1150 3446 praediorum
1185 3350 1295 3426 diem.
1365 3351 1459 3435 Quia
1494 3353 1541 3426 src
1580 3354 1678 3450 spero
1707 3378 1764 3430 reu

168 3494 347 3562 „omnem
379 3473 424 3545 ad
450 3469 592 3544 felicem
625 3467 737 3543 finem
766 3467 1030 3542 deducendum.
1082 3469 1202 3553 Quam
1236 3470 1389 3565 gratiam
1409 3528 1412 3534 .
1430 3469 1517 3546 licet
1544 3485 1632 3549 ‘nnn
1667 3475 1765 3572 possm

170 3592 381 3690 ‚,uperiuus‚
414 3602 534 3663 tamen
569 3586 734 3683 precibus
769 3587 927 3661 conabor
954 3589 1182 3683 compensare
1218 3588 1349 3666 sedulo.
1381 3626 1384 3631 ·
1414 3590 1647 3669 Commendo
1679 3594 1766 3691 igitur

167 3730 264 3803 „me
289 3713 327 3789 ot
351 3730 477 3785 meum
502 3706 736 3782 Conuentum
762 3704 1088 3782 Reuerendiffimae
1111 3707 1324 3785 Paternitati
1347 3707 1480 3787 vestrae
1504 3723 1578 3787 etc.
1604 3713 1645 3814 s)

198 3974 207 3987 ·
265 3948 407 4025 Eodem
427 3967 523 4018 anno
558 3947 660 4019 1620.
678 3959 742 4033 ⁸30.
771 3941 896 4016 Martii
925 3941 1051 4019 Abbas
1087 3944 1205 4020 noster
1242 3946 1420 4044 Georgius
1447 3949 1563 4027 etiam
1592 3974 1615 4029 a
1646 3949 1772 4051 Gaspurr

7 4156 17 4167 ,
168 4068 340 4171 Scioppio,
365 4065 442 4142 viru
464 4061 528 4137 iiio
552 4058 793 4146 samosrffimo‚
818 4059 881 4157 qui
905 4061 1192 4160 subsequentibus
1221 4064 1327 4140 annis
1353 4066 1470 4143 multo
1509 4079 1675 4167 ternpore
1694 4069 1774 4170 apud

169 4214 237 4266 noa
265 4188 481 4266 diuersatuS.
514 4179 678 4274 egregius
716 4180 884 4255 ordinum
916 4181 1191 4258 monasticorum
1220 4200 1305 4259 tum
1336 4186 1373 4258 P.
1402 4184 1553 4263 Romano
1584 4192 1668 4290 Hap
1696 4189 1775 4267 ch-

51 4302 56 4309 ’
152 4306 365 4384 'senhusano
392 4314 517 4377 corrtra
542 4298 692 4395 Jesuitas
721 4270 892 4373 Desensor
917 4297 1071 4386 exstitit,
1113 4300 1269 4376 Litteras
1299 4304 1438 4410 aecepit
1463 4306 1501 4379 in
1528 4307 1776 4397 hanesenten·

169 4429 260 4504 tiam
288 4425 456 4524 scriptas:
503 4418 644 4507 „Mitto
673 4416 998 4493 Reuerendissrmae
1028 4418 1278 4496 Dominationi
1304 4422 1438 4498 vestrae
1467 4422 1668 4527 Exemplar
1688 4431 1775 4506 stem·

948 4610 957 4633 ι
1499 4624 1504 4631 ,
1682 4564 1778 4626 mail}

212 4676 248 4755 d)
275 4672 354 4735 Toni.
376 4689 427 4750 31.
452 4665 508 4752 foi.
530 4684 604 4749 392.
724 4658 761 4740 e)
784 4662 860 4729 Ibid.
876 4660 932 4747 foi.
953 4663 1027 4746 561.
1153 4663 1356 4751 s)1bid.fi›i.
1378 4667 1451 4749 607.
