3736 5160
681 174 1100 305 *Um*
1662 221 1712 299 ις
1833 208 1847 221 ·’

71 398 272 483 Monachis
289 393 346 474 vel
366 391 511 491 occisis,
534 392 593 489 vel
608 390 1021 502 quauersum'disperfis
1048 383 1277 486 chartisque,
1305 406 1396 484 quas
1412 382 1620 462 Praedones
1635 382 1708 461 sor.-

73 536 113 600 te
137 528 363 620 repererant,
385 510 572 601 laceratis,
598 525 663 590 aut
676 513 761 609 igne
784 509 992 588 consumtis.

173 786 204 835 2.
231 761 354 855 Atque
378 753 471 831 haec
495 751 704 830 Monasterii
731 754 769 829 S.
794 751 944 829 Altonis
967 747 1080 828 facies
1105 755 1201 835 erat,
1231 766 1422 845 quousque
1445 745 1533 833 ura,
1560 744 1608 821 de
1634 767 1711 843 que

73 884 175 979 supra
195 874 471 973 dicereoccepi
493 876 541 950 da
571 873 668 949 iilius
698 873 956 948 instauratione
985 868 1170 948 cousrlium
1206 877 1361 962 caperet.
1437 864 1589 962 Aliquot
1619 875 1708 940 aute

71 1003 204 1080 Annos
224 997 326 1072 sataii
349 994 431 1070 casu
454 992 657 1091 praediietii
679 991 760 1068 Filii
788 992 840 1070 sui
870 989 1073 1085 Heinririiin
1102 989 1239 1066 ludium
1262 984 1377 1072 versa,
1415 1009 1530 1082 nuper
1560 1006 1706 1082 quoque
1765 1090 1768 1095 Α

72 1122 192 1201 Mariti
202 1131 402 1216 praemature
418 1112 525 1187 Morte
556 1112 595 1188 in
625 1112 886 1192 acerbisfirnum
915 1112 1078 1190 dolorem
1098 1107 1264 1205 conjesia
1291 1107 1330 1183 iu
1359 1105 1548 1202 Religione
1591 1103 1706 1200 (quod

70 1241 186 1319 soient
208 1236 377 1312 homines
404 1230 564 1311 aduerfis
597 1229 731 1308 casibus
764 1235 882 1332 pseffi)
907 1231 1121 1332 praesidium
1150 1227 1335 1329 quaesiuit.
1390 1226 1488 1323 Ergo
1519 1225 1567 1301 ad
1590 1223 1706 1300 fllium

71 1368 488 1446 (terruannorum
514 1349 690 1451 potitum,
716 1355 904 1442 conuersa',
932 1356 1080 1430 Precibus
1095 1353 1176 1448 apud
1191 1349 1293 1447 Ipfiern
1318 1347 1522 1424 intercedendo
1543 1347 1705 1430 utente,
1782 1415 1784 1419 ,

71 1499 108 1557 ut
126 1498 181 1576 pro
199 1482 313 1553 Diuini
335 1473 437 1568 Officii
457 1473 731 1568 Ategueuusuam
747 1474 912 1549 Familiam
934 1481 1032 1549 minui
1046 1473 1191 1567 gauderet
1216 1509 1267 1524 -
1291 1509 1342 1524 -
1368 1465 1481 1566 {dixiffe
1504 1487 1617 1562 quaque
1633 1462 1705 1557 fet·

75 1617 144 1674 tur:
169 1607 237 1695 quic
256 1600 322 1673 ider
345 1591 491 1690 forsitan*
503 1615 588 1667 omne
606 1615 701 1687 gertus
724 1591 897 1669 Parentum
919 1598 962 1682 s?
985 1595 1228 1691 Propinquorum
1243 1589 1412 1684 nostrorum
1433 1589 1566 1689 instabile
1586 1589 1704 1660 rninur·

75 1743 133 1815 que
146 1723 321 1812 longaeuum
343 1718 482 1815 batinuts
495 1712 585 1808 ficit,
610 1715 689 1808 quud
712 1716 748 1788 S.
773 1715 897 1791 Aitcnr'r
916 1714 1141 1810 Murosteriurn
1158 1711 1215 1807 [ub
1237 1703 1324 1785 tanta
1349 1712 1530 1802 negligentia
1554 1711 1712 1802 relinque«
1810 1724 1818 1735 “

70 1855 169 1913 retur.
219 1838 421 1912 ammana
439 1856 512 1930 ergo
526 1839 560 1908 in
580 1837 701 1941 meua,
726 1837 802 1931 quod
820 1840 1204 1934 ignnmtnpeccauinuu.
1229 1828 1318 1909 Vita
1333 1827 1371 1905 S
1387 1824 1537 1906 attonis
1555 1823 1627 1901 ic.

168 2076 247 2154 Nec
268 2083 435 2170 poterat,
455 2096 522 2151 nec
537 2072 683 2153 volebat
705 2074 895 2171 praecibus
915 2072 1140 2175 piaeMctrie
1164 2070 1281 2149 deesse
1304 2073 1423 2157 Comes,
1450 2066 1560 2157 alias,
1584 2076 1625 2146 ut
1643 2083 1701 2166 pre

75 2196 206 2270 remedio
223 2194 352 2277 Patris,
374 2193 680 2289 more-majorum,
702 2199 815 2291 aliquid
834 2198 902 2273 Deo
921 2190 1087 2291 corffurer,
1113 2217 1247 2296 pronus
1268 2205 1378 2291 atque
1393 2190 1575 2267 sollicitus.
1600 2187 1703 2266 Hinc

74 2317 220 2415 Prorutis
241 2316 390 2386 muntiis
414 2313 567 2388 ancum
589 2318 712 2411 publica
740 2320 864 2397 traditis
898 2317 1115 2413 Monncbisque
1140 2323 1231 2392 etiarn
1255 2318 1446 2408 congregatis
1471 2313 1622 2386 Abiatem
1640 2331 1698 2384 ue·

68 2437 239 2509 menradum
259 2438 378 2520 norniru
395 2432 565 2527 Rudrtsuru
587 2438 633 2508 bis
657 2439 794 2511 omnibus
815 2444 997 2531 regulariter
1014 2444 1183 2535 praelatum
1203 2434 1322 2534 effecit.
1339 2433 1489 2510 ibidem.
1540 2429 1697 2519 Rudolfus

66 2554 179 2629 Pater
202 2549 341 2638 Caudi,
366 2549 404 2627 id
427 2551 496 2640 etr,
527 2551 619 2645 issatis
640 2553 749 2643 obiit,
774 2557 872 2653 quod
895 2556 980 2633 alibi
1002 2559 1158 2660 docebo,
1191 2579 1223 2633 c.
1255 2579 1287 2632 a.
1318 2576 1399 2651 995.
1454 2552 1550 2649 Ergo
1566 2551 1698 2629 instau-

66 2685 189 2755 ratum
213 2670 263 2749 est
287 2670 548 2748 Monasierium
568 2672 605 2747 S.
625 2675 772 2753 Aitouis
797 2677 892 2752 circa
913 2677 1064 2756 Annum
1090 2676 1221 2755 Christi
1241 2675 1443 2770 ‚miiestrnun
1515 2673 1574 2760 ld,
1597 2670 1697 2769 quod
1736 2670 1787 2771 ’,

68 2795 182 2870 etiarn
204 2816 250 2866 ex
277 2791 364 2868 serie
385 2793 508 2893 trium¹
522 2792 730 2882 abbatum,
755 2796 817 2893 qui
844 2798 888 2873 ab
913 2821 958 2873 eo
985 2809 1148 2894 tempore
1170 2794 1234 2872 srbi
1256 2793 1508 2878 successerunt,
1534 2791 1699 2869 insertur.

67 2911 251 2992 Rudolfus
274 2916 415 3006 piurimis
435 2915 539 2987 Annis
566 2910 706 2990 strenue
730 2914 937 3011 gubernasse
954 2917 1124 2995 scribitur.
1172 2916 1324 3011 {Demus
1344 2914 1469 3013 itaque
1491 2912 1695 2998 EiAuuos

71 3014 307 3108 Praelaturae
327 3037 442 3126 viginti
463 3035 506 3119 s?
529 3040 673 3128 quinque,
706 3057 778 3133 quo
806 3058 856 3110 ex
874 3035 944 3111 hac
964 3037 1039 3114 vita
1059 3035 1209 3112 assumto
1232 3040 1290 3111 dree
1308 3048 1428 3111 tanturn
1458 3034 1592 3107 Aream
1621 3028 1698 3106 suc·

69 3149 247 3226 cesserunt
271 3150 468 3225 Fberbardus
493 3152 540 3225 ad
565 3175 702 3229 annum
735 3178 850 3253 esque
878 3156 987 3252 hujus
1014 3155 1123 3231 seculi
1154 3152 1430 3251 quadragesmumr
1465 3151 1561 3233 circa
1585 3173 1697 3250 quern
1837 3234 1841 3239 ,

70 3272 205 3348 eleaus
227 3270 296 3346 esse
312 3269 440 3345 debuit
460 3269 644 3358 dirimitur,
670 3274 731 3371 qui
750 3275 866 3372 postea
878 3299 981 3351 anuo
1007 3298 1111 3373 1047.
1136 3275 1339 3350 Monachus
1360 3275 1479 3350 secum
1502 3272 1703 3367 Aitdorffiunr·

72 3390 241 3481 adduxit
255 3401 307 3466 'vt
328 3388 640 3467 infra-videbitur.
692 3393 885 3469 Aberrauit
899 3418 984 3489 ergo
1004 3417 1026 3468 a
1045 3396 1141 3472 Vero
1162 3393 1206 3469 R.
1227 3395 1265 3467 P.
1281 3394 1480 3469 Bucelirrus
1496 3397 1584 3470 dum
1605 3395 1699 3469 Ger·

66 3511 214 3588 maniae
228 3510 346 3586 sacrae
373 3532 452 3607 pag.
476 3531 533 3606 93.
559 3511 730 3607 Ruioisunr
752 3513 936 3590 Abbatem
962 3536 1058 3589 anno
1081 3534 1163 3606 952.
1186 3512 1412 3608 desrgrratum
1432 3511 1532 3590 rute
1553 3512 1692 3599 scribit,

64 3630 184 3725 magis
205 3653 291 3707 vero
312 3629 451 3706 Auaor
469 3631 794 3711 Monumentorum
818 3632 1030 3744 Boicorum,
1051 3631 1114 3733 qui
1133 3633 1269 3730 Rubtsc
1289 3631 1378 3711 huic
1398 3632 1548 3765 omuino
1564 3646 1699 3743 notam

67 3748 278 3829 chronicam
303 3762 385 3844 850.
406 3749 580 3833 adscribit.
618 3750 756 3832 Vobis.
773 3774 906 3854 p.327.
1036 3838 1041 3842 ,
1773 3760 1777 3768 “

796 3992 837 4117 q.
902 3995 975 4084 ru.

151 4175 216 4266 De
266 4173 512 4266 Transsaticne
544 4174 848 4292 Asidoeffenstum
888 4164 1210 4293 Saniiimtniasiurn
1245 4178 1299 4265 ad
1338 4179 1603 4296 Aitcrnursser,

358 4315 412 4411 ξδ’
450 4320 705 4406 Monachtrum
744 4316 1111 4430 AEtcrnursserenstum
1142 4323 1181 4403 in
1215 4315 1394 4430 Asidorffi

162 4521 194 4571 r.
217 4493 275 4570 De
293 4494 364 4571 hac
387 4493 669 4574 Translatione
658 4511 710 4575 rta
728 4498 887 4598 loquitur
907 4498 1129 4599 Anonymus
1149 4498 1285 4589 noster,
1310 4498 1399 4599 Cap.
1415 4499 1487 4579 ul.
1507 4501 1574 4578 ssu
1596 4510 1689 4586 etiam
1767 4542 1772 4550 =

61 4614 220 4709 (Gueiso
238 4615 302 4711 Π.)
318 4618 485 4695 Abbaticn
503 4610 709 4719 Attorfnpseor
724 4610 946 4718 uurs'serendc.
950 4625 1008 4768 bru
1024 4624 1192 4698 Manaebor
1205 4622 1243 4699 de
1258 4623 1486 4728 Atronuybr,
1508 4625 1552 4713 8
1568 4627 1689 4701 Sarrttt·
1709 4635 1715 4641 '

1546 4750 1689 4861 enuncia
