3736 5160
524 187 1076 292 'ummo
1258 154 1341 283 ‚⁵
1601 215 1672 289 nor

144 364 295 455 „Doleo
325 362 578 449 vehementer,
617 366 715 462 quod
746 310 961 442 conuentus
994 366 1054 442 ilie
1078 366 1237 470 spr'rrostr
1268 369 1406 465 semper
1435 370 1670 468 impediatur,

84 487 243 565 maximo
276 506 360 559 curn
393 484 528 559 damno
558 482 831 561 Catholicorum
864 484 1249 563 &Ecclefialiicorum
1278 489 1512 573 Germaniae,
1561 504 1668 589 prout

84 604 204 683 retulit
241 601 331 681 mibi
364 602 438 679 fuse
475 600 717 679 iilustriffimus
749 603 942 700 Episcopus
974 603 1257 703 Herbipolenlis,
1302 609 1361 684 sed
1394 608 1491 706 spero
1515 613 1666 688 tandem

84 714 231 803 meliora
252 722 410 798 futoro..
452 722 580 799 Nostra
603 721 665 796 hic
685 722 893 799 reformatio
925 723 1125 818 Religionis
1157 724 1294 823 semper
1316 727 1499 825 proceiiit,
1538 736 1576 807 dc
1601 729 1666 804 nili
1829 788 1831 793 .

84 844 213 923 bellum
239 840 416 918 turcicum
440 836 653 936 impediret,
679 841 807 916 lieieut
835 843 944 921 etiam
961 842 1061 942 plura
1089 845 1135 919 ad
1158 843 1288 921 harum
1311 843 1581 925 Prouinciamm
1605 850 1666 925 be·
1762 896 1765 902 ·

84 963 266 1049 celicium,
306 960 346 1043 dc
369 963 415 1036 ad
438 958 663 1054 Religionem
696 960 910 1038 catholicam
935 962 1066 1061 ubique
1082 963 1353 1042 restaurandam
1389 971 1426 1046 tic
1446 970 1665 1045 confirmau-

84 1086 179 1167 lam,
216 1104 291 1156 non
313 1078 453 1157 defistet
476 1090 597 1156 tannen
623 1078 780 1179 Princeps
802 1103 990 1180 quousque
1020 1082 1174 1179 poteritr
1214 1083 1394 1161 habemus
1426 1088 1487 1162 hic
1518 1087 1663 1166 Patrem

84 1202 278 1279 Ludmricum
314 1202 499 1277 Saxonem
533 1225 579 1273 cx
615 1199 793 1298 Omiportr
824 1200 1035 1287 dodanum,
1087 1201 1151 1300 qui
1187 1204 1318 1302 populo
1355 1206 1593 1283 concionatur
1623 1208 1663 1284 in

85 1321 207 1419 emplo
233 1317 447 1417 parochiali,
485 1341 619 1415 magna
644 1344 728 1397 cum
753 1318 954 1418 frequentia
985 1320 1097 1398 etiam
1127 1320 1408 1414 haereticorum,
1447 1324 1663 1424 &plurimo

84 1460 156 1517 :um
179 1428 353 1538 profectu·
367 1438 437 1516 etc.

135 1676 365 1768 „Turcamm
396 1675 598 1753 exercitum
623 1678 662 1755 dr
687 1675 904 1753 Generalem
935 1673 1069 1751 Bodom
1091 1676 1297 1755 aduentalie
1321 1677 1508 1768 audimur,
1549 1678 1588 1757 dc
1612 1675 1661 1755 de

84 1796 255 1879 >bsidione
278 1794 445 1896 Strigorrii
474 1795 576 1872 illum
606 1795 811 1882 meditari,¹
828 1794 867 1871 dc
891 1816 997 1890 agere
1020 1794 1173 1882 dicitur,
1213 1796 1463 1897 &propterea
1488 1808 1661 1895 parantur

84 1917 201 1997 >mnia
225 1918 273 1993 rid
287 1914 571 1998 ³'Delenfionemr
613 1915 652 1992 dc
671 1914 757 1991 licet
779 1913 970 1989 Exercitus
995 1913 1259 2013 imperialiafit
1281 1920 1403 1995 tenuia
1428 1917 1566 2002 adhuc,
1601 1915 1658 1991 di·

84 2038 168 2115 :itur
189 2030 334 2124 tamen,
372 2034 470 2136 quod
501 2034 812 2149 coniungerentur
831 2054 964 2111 omnes
992 2031 1129 2112 militer
1155 2034 1367 2131 Huogariae
1388 2033 1593 2135 Superioris
1617 2036 1659 2125 dc

84 2154 261 2233 'nomm
680 2194 684 2207 ·
727 2160 757 2201 m
920 2182 946 2204 ··

138 2448 159 2487 „
172 2392 444 2495 Trorsylucoice„
460 2416 518 2470 res
547 2402 700 2473 manent
728 2391 850 2474 adhoc
880 2391 920 2471 in
949 2394 1109 2481 incerto.
1150 2416 1241 2473 nam
1267 2390 1460 2473 Cordirulr's
1488 2415 1563 2471 non
1591 2415 1656 2493 pu·

84 2514 160 2605 uit,
195 2512 238 2595 rsst‘
256 2515 408 2599 dicitur,
447 2537 531 2589 cum
561 2527 668 2591 turca·¹
693 2514 813 2591 adhuc
845 2515 964 2591 secure
987 2516 1206 2605 conuenire,
1236 2526 1361 2591 tamen
1397 2513 1549 2599 dicitur,
1586 2512 1655 2587 ha·

84 2656 152 2711 ere
188 2635 356 2711 inducias
378 2637 425 2711 ab
447 2634 519 2707 illa
542 2646 655 2729 parte.
733 2632 915 2711 Dominus
937 2635 1120 2737 Malaffioc
1144 2636 1305 2714 Nonum
1328 2632 1554 2733 Apostolicuc
1572 2630 1652 2727 jam

84 2753 117 2831 r
154 2755 252 2854 apud
277 2756 433 2832 eundem
458 2752 708 2840 cardinalem,
752 2756 790 2830 dr
822 2752 972 2829 omnino
1002 2755 1157 2844 curabit,
1191 2776 1260 2832 nec
1284 2752 1515 2851 Reipublicae
1546 2747 1654 2827 curi·

84 2875 179 2955 tiana
200 2874 263 2951 illc
283 2874 478 2953 Prouincia
502 2873 673 2959 decedat,
706 2871 745 2949 dc
767 2872 881 2949 turcis
905 2874 1090 2953 accrescat.

129 3111 272 3204 „Pellio
303 3113 340 3190 in
373 3113 434 3189 hic
454 3112 609 3214 Austrice
629 3109 815 3188 Prmir'cr'r'r
844 3111 958 3191 variis
981 3111 1027 3213 ,in
1052 3088 1148 3188 ¹locia
1172 3110 1358 3210 malletur,
1400 3114 1439 3193 dr
1461 3118 1651 3209 propterea

84 3234 196 3313 licitur
225 3235 459 3334 Imperatorem
488 3230 655 3332 Lemurem
688 3243 898 3321 venturum,
940 3234 979 3311 dt
1000 3231 1052 3307 ibi
1075 3232 1192 3309 multa
1213 3232 1349 3330 parari,
1381 3232 1421 3311 dt
1445 3227 1577 3307 exstrui
1600 3228 1648 3305 ad

84 3354 364 3433 cmmoditatem
389 3353 561 3428 Caesario.
623 3352 664 3427 In
689 3350 882 3431 Sclcoom'cr
907 3354 945 3430 dc
972 3350 1127 3428 Croariae
1147 3352 1277 3432 finibus
1298 3350 1390 3429 nihil
1420 3348 1510 3426 noui
1539 3347 1649 3427 habe·

84 3496 142 3565 ur,
181 3496 310 3555 ornnes
332 3494 491 3574 namque
513 3474 650 3551 Turcae
674 3472 808 3550 Bucam
834 3475 872 3552 dc
894 3468 1103 3571 Strigom'om
1126 3473 1248 3555 versus
1270 3473 1352 3551 sunt
1373 3467 1534 3571 profesti.

124 3710 307 3801 „Vtinam
328 3711 490 3812 sequenti
514 3734 610 3787 anno
634 3711 830 3789 conuenire
852 3713 985 3812 poliem
1009 3710 1308 3791 Dominationem
1332 3711 1499 3789 Vestram
1520 3700 1646 3784 Romae

84 3844 246 3932 ropterea
275 3833 376 3912 enirn
411 3832 552 3922 laboro,
598 3834 635 3911 dr
666 3833 807 3920 studeo,
844 3846 1020 3932 quantum
1055 3842 1199 3930 potero,
1236 3856 1298 3913 me
1330 3830 1521 3930 expedire,
1548 3846 1644 3907 cre·

84 3954 188 4033 {erem
212 3978 299 4053 ego,
336 3954 434 4057 quod
465 3938 606 4049 aliquid
630 3950 714 4027 boni
745 3952 922 4051 poliemus
943 3950 1130 4039 meditari,
1164 3975 1379 4053 proponere,
1424 3954 1462 4031 dc
1493 3950 1646 4025 demum

84 4076 175 4155 tiam
206 4075 348 4175 exequi.
419 4072 557 4152 Vellem
580 4072 781 4150 Dominum
806 4071 986 4152 Nuntium
1012 4072 1168 4150 Comitem
1200 4098 1223 4149 o
1260 4070 1363 4150 Turrr'
1394 4066 1535 4149 moueri
1567 4063 1644 4140 loe·

84 4196 157 4287 iuc,
200 4193 575 4275 &constantiensem
603 4191 805 4272 Dioecefirn
834 4194 1027 4292 diligenter
1063 4190 1235 4281 inuisere,
1282 4186 1463 4278 Felclirclt,
1512 4189 1550 4267 dc
1579 4184 1644 4262 illa

84 4318 165 4395 rida
185 4316 276 4392 ioca.
325 4312 650 4415 Praemooflrctmsrr
670 4314 904 4412 iuuabuntu'r,
933 4315 961 4389 a
983 4314 1201 4391 reducentur
1223 4310 1270 4389 ad
1291 4305 1524 4395 Monasteria,
1552 4301 1644 4383 licut

84 4460 152 4545 um·
170 4437 252 4513 aliia
276 4436 408 4515 saltum
432 4434 482 4511 est
506 4435 544 4510 in
569 4431 717 4512 Sueuia.
780 4433 856 4511 Sed
879 4432 966 4531 quid
988 4434 1035 4509 de
1060 4433 1093 4506 C
1116 4470 1133 4492 ·
1155 4472 1174 4493 ·
1195 4469 1214 4491 ·
1245 4434 1284 4513 dc
1307 4430 1438 4511 vicinio
1461 4424 1645 4504 Monaste·

84 4559 120 4657 iq
141 4557 374 4660 Episcopatus
397 4554 676 4638 Constantienlis
695 4552 773 4654 J'atn
793 4554 883 4637 fiet?
919 4567 1016 4634 certe
1038 4553 1244 4653 indigerent
1265 4550 1394 4653 majori
1413 4545 1642 4650 lnlpefflone·

1533 4667 1646 4762 „sed
1785 4730 1788 4735 .
