3736 5160
187 402 434 503 ostuagesimo
468 401 639 502 quinto,
666 402 730 483 sub
759 403 900 483 nostrae
928 407 1109 485 Abbatiae
1134 406 1261 504 Sigillo
1294 408 1342 485 ob
1370 408 1502 491 effiosr
1528 413 1639 491 robor
1670 432 1715 491 ac
1739 410 1823 492 eol*

188 530 282 609 dens
305 523 553 603 testimonium
577 523 822 622 praesentibus
846 526 1037 622 couirurtto
1062 526 1101 605 ἀ
1118 526 1274 626 adpenso
1298 541 1369 607 etc.

168 666 216 753 ⁹
254 718 424 797 'interea
450 714 593 816 Templi
624 716 758 794 fabrica
791 717 1018 817 pedetentim
1050 741 1099 796 ex
1127 716 1232 796 ruina
1257 719 1294 794 in
1312 717 1430 799 altum
1445 720 1677 829 castigabat,
1698 742 1823 821 quum

186 853 310 920 umen
339 838 538 925 aerarium,
581 849 787 935 temporum
815 834 1079 937 hominumque
1108 836 1243 937 injuria
1277 839 1324 914 ad
1354 838 1510 931 fundum
1537 863 1653 939 voque
1685 850 1824 919 emun-

185 964 283 1042 stum
311 951 549 1042 esset,'adeo,
581 965 623 1032 vt
645 957 807 1053 optimus
827 956 972 1043 Abbas,
998 957 1097 1054 quod
1119 956 1310 1034 aedificare
1330 952 1515 1058 coeperat,
1541 960 1603 1037 vis
1626 958 1823 1037 consuma-

184 1104 225 1160 re
252 1074 439 1179 potuisset,
479 1074 544 1151 uis1
570 1073 702 1151 Daniel
733 1072 947 1152 Belliueulis
969 1072 1166 1177 Episcopus
1193 1076 1230 1156 dr
1256 1074 1512 1175 Suffraganeus
1535 1076 1826 1155 constantiensis

185 1200 348 1279 Domum
372 1193 441 1270 Dei
464 1193 670 1282 miseratrrs,
701 1192 884 1284 omuibus,
917 1195 979 1295 qui
1006 1195 1180 1298 propitias
1206 1198 1254 1273 ad
1276 1220 1368 1295 opus
1397 1194 1655 1293 perficiendum
1680 1220 1822 1277 manus

185 1318 424 1420 porrigerent,
439 1398 446 1411 ,
462 1314 675 1393 audoritate
706 1312 888 1392 ordinaria
928 1313 1076 1392 monis
1110 1314 1275 1416 Episcopi
1301 1315 1549 1412 lrrdulgeotIas
1576 1340 1675 1392 anuo
1713 1330 1819 1416 1487.

186 1433 413 1515 conteffiffei.
464 1432 567 1518 Quae
585 1433 736 1533 quidem
757 1431 1007 1530 indulgentiae
1027 1432 1217 1512 successum
1244 1438 1338 1513 adeo
1361 1432 1505 1512 felicem
1522 1434 1750 1521 habuerunt,
1774 1446 1814 1515 st

184 1559 257 1635 hoc
285 1554 364 1649 jam
389 1575 485 1628 anno
513 1550 722 1651 Templum,
762 1552 931 1653 Capellae
958 1556 997 1633 dc
1020 1552 1161 1631 Altaria
1184 1554 1228 1631 ab
1260 1556 1391 1632 eodem
1419 1554 1593 1653 Episcopo
1618 1551 1809 1633 Velliueufi

184 1670 380 1758 consecrari
401 1671 564 1749 maximo
592 1671 792 1750 nostrorum
823 1673 1143 1755 &exuaneomm
1170 1672 1366 1771 gaudio&
1392 1672 1515 1751 solatio
1540 1674 1741 1773 potuerint.

279 1869 385 1949 Licet
405 1866 515 1964 igitur
542 1864 800 1944 Monssterium
828 1865 942 1944 tantis
966 1865 1127 1966 maique
1155 1877 1380 1966 premeretur
1402 1866 1607 1965 Augustis,
1644 1868 1816 1950 nondum

184 2003 308 2070 tamen
335 1988 496 2089 Joaunes
520 1984 817 2082 Sonnenberglus
849 1985 1064 2063 Prouiuclae
1106 1984 1312 2066 moneor
1346 1986 1459 2065 illatis
1490 1987 1630 2066 Abbati
1667 1988 1816 2087 injuriis

182 2114 280 2190 satur
305 2116 403 2194 erat,
448 2107 542 2184 adeo
562 2116 603 2183 vt
630 2102 836 2184 Friderlcus
862 2106 1063 2204 imperator
1095 2105 1150 2181 rei
1188 2104 1382 2206 iniquitate
1404 2110 1550 2187 meaos
1582 2106 1683 2185 datis
1714 2132 1814 2185 suno

187 2244 293 2330 1489.
317 2224 469 2304 Litteris
495 2223 772 2322 Sonuenbergio
796 2224 917 2302 seuere
941 2222 1192 2313 interdiceret,
1231 2246 1280 2301 ne
1306 2225 1513 2304 Mounsterii
1535 2228 1699 2305 subditus
1729 2226 1815 2305 vnis

182 2353 222 2428 in
250 2349 429 2448 posterum
456 2341 628 2419 oneribus
659 2366 822 2441 premere
849 2345 1023 2430 auderet,
1068 2346 1109 2422 dr
1140 2343 1278 2423 Abbati
1314 2344 1427 2425 siritie
1467 2348 1712 2446 praeciperet,
1771 2360 1814 2425 vt

183 2491 255 2550 uec
280 2469 315 2548 sc
337 2487 407 2542 nec
430 2461 512 2538 suos
533 2474 611 2540 tam
639 2462 788 2559 indigne
811 2462 953 2559 gnuari
974 2460 1145 2559 deinceps
1162 2474 1356 2561 pateretur.
1499 2538 1502 2543 .

277 2681 390 2761 Auno
419 2701 523 2777 1490.
548 2675 625 2775 post
645 2688 703 2753 tot
723 2675 943 2759 exantlatos·
956 2677 1097 2755 labores
1125 2681 1165 2759 dr
1187 2703 1381 2759 aerumnas
1400 2683 1439 2760 dr
1463 2678 1525 2757 sbi
1552 2678 1592 2759 dc
1620 2682 1812 2761 oonsrani·

182 2805 252 2883 bnu
270 2802 341 2881 suis
365 2798 590 2877 consulturus
615 2798 815 2895 praecepit,
847 2810 888 2875 vt
906 2797 1054 2894 singolis
1073 2800 1181 2875 annis
1195 2800 1284 2895 soto
1301 2804 1340 2877 V.
1360 2812 1431 2877 ude
1447 2804 1576 2879 Peloros
1601 2805 1687 2881 dies
1707 2799 1810 2881 suni·

176 2908 357 3017 ,namins
390 2940 456 3023 pro
487 2915 693 2996 Abbatibus
733 2921 770 2996 dc
798 2917 992 2994 lllonachis
1015 2917 1145 2996 nostrie
1169 2920 1424 3011 oelebrmetur,
1476 2926 1514 3003 ar
1541 2926 1721 3019 quoniam
1750 2924 1810 2999 luis

182 3042 374 3143 praecipue
404 3038 624 3135 temporibus
650 3036 688 3113 in
719 3036 868 3114 diuerfis
902 3034 1071 3136 Europae
1105 3039 1266 3136 partibus
1296 3044 1479 3119 Pernicies
1512 3043 1575 3119 vix
1605 3068 1683 3119 nou
1710 3067 1807 3121 com·

181 3161 306 3242 munia
343 3156 575 3253 graismetur,
627 3155 963 3235 confraternitatem
1003 3157 1043 3235 S.
1071 3156 1271 3237 sebastiani
1299 3162 1434 3261 escrit,
1480 3186 1594 3260 quam
1645 3162 1801 3263 sequenti

183 3304 281 3359 suno
302 3277 539 3355 innocentius
561 3274 658 3371 Papa
678 3274 769 3352 Vlll
793 3276 830 3352 ar
855 3276 943 3351 Otto
966 3276 1161 3375 Episcopus
1179 3277 1460 3357 Constantieusia
1482 3283 1552 3389 suis
1576 3282 1702 3359 Bullia
1717 3288 1800 3357 ¹coss·

183 3402 382 3479 marone
458 3394 703 3471 Adseruamus
733 3394 771 3470 in
802 3393 921 3473 nostra
949 3394 1180 3473 Bibliotheca
1214 3398 1350 3475 Millale
1382 3400 1419 3475 in
1455 3401 1516 3476 sol.
1544 3399 1614 3479 'sub
1649 3400 1742 3477 Litt.
1766 3398 1802 3475 F.

182 3545 221 3599 n.
245 3545 276 3597 1.
309 3515 380 3593 hac
402 3514 476 3611 ipsa
498 3523 621 3589 aetate
646 3511 840 3590 annolini
867 3515 920 3590 Μ.
937 3514 1079 3592 CCCC.
1100 3515 1304 3593 LXXllllll
1335 3543 1403 3616 per.
1422 3519 1637 3617 ,iohannem
1664 3519 1805 3597 lsraller

181 3642 230 3716 dc
251 3633 479 3734 Campidoua
507 3633 547 3707 in
579 3633 790 3710 membranei
815 3631 1002 3732 scriptum,
1047 3634 1085 3709 in
1106 3656 1179 3732 quo
1203 3638 1251 3712 ad
1279 3636 1391 3715 linem
1411 3638 1538 3733 plicam
1563 3642 1601 3714 dr
1625 3640 1807 3725 Porum

181 3760 313 3837 orando
339 3751 510 3836 babetur,
549 3754 665 3850 quod,
708 3773 820 3851 quum
844 3753 883 3827 in
913 3752 1099 3828 nonnullis
1120 3753 1166 3829 ab
1196 3780 1261 3843 eo,
1298 3758 1394 3854 quod
1420 3757 1458 3833 iu
1479 3756 1606 3835 blissali
1632 3758 1807 3836 Romano

181 3874 389 3956 nouissimo,
431 3868 614 3947 Editionis
638 3868 933 3969 campidonensis
960 3894 1057 3947 anno
1085 3882 1188 3971 ¹⁶97·
1210 3898 1290 3972 pag.
1305 3876 1420 3953 LlllX
1449 3876 1509 3953 sub
1533 3878 1662 3955 titulo:
1697 3881 1806 3955 aot·

181 4000 278 4073 mdc
299 3992 500 4068 Moriatur
522 3992 567 4080 ὁ*
588 3994 919 4091 montepessulanum
941 3990 1142 4078 inuenitur,
1177 3994 1370 4094 discrepat,
1400 3996 1636 4095 discseuantia
1658 3998 1710 4073 sd
1729 3999 1809 4097 ple·

181 4117 323 4193 uiorem
350 4110 532 4207 Linngiae
559 4110 731 4209 autiquae
754 4109 925 4187 notitiam
946 4111 1029 4188 heic
1042 4112 1173 4189 selene
1199 4113 1307 4193 volui.
1372 4116 1545 4207 bum,
1564 4123 1689 4205 m,
1723 4120 1809 4215 Epi·

178 4240 269 4336 flou,
296 4232 500 4325 morum
528 4225 720 4327 ulmenam
743 4229 824 4305 sunt
848 4228 987 4325 prorsus
1014 4231 1144 4309 eadem
1169 4255 1254 4310 cum
1282 4233 1432 4320 nostrisa
1468 4234 1529 4315 bd
1548 4235 1626 4334 poa
1654 4236 1807 4315 offerto·

180 4354 276 4431 rium
307 4349 464 4426 Robrica
494 4348 633 4445 adjetta
657 4345 704 4420 suc
731 4346 921 4445 praecipit:
955 4350 1034 4424 dem
1055 4353 1125 4446 jar
1137 4351 1282 4450 saresbr
1305 4356 1388 4431 aaut
1403 4357 1577 4455 subscripta
1586 4356 1686 4455 fiper
1703 4374 1808 4455 popu-

180 4466 1513 4579 muxiseonefocnommancawmsmu·
1576 4472 1805 4555 nasac·

180 4590 310 4669 linoris
341 4587 394 4665 tui
423 4588 526 4667 Deos
551 4587 763 4665 conturbata
789 4585 840 4663 est
860 4588 982 4663 omnis
1002 4598 1109 4669 tetra.
1160 4590 1236 4669 Sed
1258 4604 1300 4669 tu
1320 4592 1479 4676 Domine
1502 4594 1670 4683 miserere
1691 4596 1806 4677 uobis

1751 4741 1805 4797 ue
