3736 5160
702 189 1124 284 ammon*
1549 186 1552 190 ’
1648 205 1737 287 ast.

186 369 229 450 P.
255 363 415 465 Redingi
437 363 635 444 narrationi
659 366 720 442 hic
743 369 924 466 quaedam
951 368 1120 445 addenda
1140 365 1356 444 existimaui
1515 478 1518 483 Ι

187 583 271 685 Jam
297 607 398 660 anno.
420 591 526 678 1629.
552 589 584 659 ό.
611 582 733 659 Martii
758 581 913 677 Edibinm
939 584 1028 662 illud
1050 588 1278 689 restitutorium
1307 579 1560 658 Ferdinandus
1582 578 1623 657 lt
1647 578 1731 656 Ro·v

96 727 288 783 manorum
319 704 517 802 Imperator
547 700 707 798 expediri
740 703 851 789 secit,
885 728 957 801 quo
986 705 1227 781 Protesiantes
1257 704 1380 779 omnia
1413 703 1518 778 Dona
1553 702 1721 779 Ecciebis

96 822 284 902 catholicis
313 844 405 898 ross
428 846 545 922 pacem
574 821 763 922 religiosum
792 810 934 921 erepta,
969 824 1154 900 restituere
1187 822 1367 919 jubentur.
1432 823 1540 908 Quod
1571 825 1721 924 quidem

96 942 262 1044 quamuis
290 966 399 1018 nemo
426 941 491 1016 nisr
519 939 744 1037 justiffimum
773 941 931 1032 dixerit‚
960 943 1102 1019 bessum
1126 956 1250 1042 tamen
1286 943 1420 1018 exinde
1447 945 1585 1026 nedum
1624 946 1721 1022 inter

96 1052 279 1160 Principes
301 1061 550 1147 tristisfimum,
575 1061 623 1135 de
647 1083 720 1158 qno
740 1062 835 1137 infra
856 1062 983 1142 disturi
1002 1063 1143 1151 sumus,
1170 1065 1228 1140 sed
1249 1066 1284 1140 dr
1305 1063 1400 1137 inter
1422 1062 1518 1140 viros
1539 1050 1720 1159 religiosos
1741 1046 1761 1091 '⁵'

96 1180 332 1260 controuersra
349 1152 551 1276 grauissima
572 1179 729 1263 exarsrtr
761 1180 923 1259 Abbates
949 1183 1049 1258 enim
1077 1185 1210 1258 sueuici
1234 1183 1418 1279 utriusque
1448 1181 1578 1257 Odinis
1599 1184 1720 1260 Bene·

96 1300 220 1380 ditiini
246 1304 284 1380 dt
313 1297 668 1378 praemonstratensis
690 1300 809 1376 officio
826 1301 928 1379 simul
947 1306 987 1381 dr
1002 1302 1192 1396 Reiigioue
1213 1302 1328 1391 duni,
1351 1301 1615 1379 restitutionem
1643 1304 1721 1380 suo·

96 1444 181 1499 rum
205 1444 349 1518 quoque
366 1418 663 1495 Monasieriornm
685 1425 845 1516 porreiio
868 1423 1011 1499 Caesari
1031 1421 1151 1499 iibeiio
1169 1420 1315 1519 supplici
1336 1423 1517 1517 petebant.
1567 1423 1723 1523 Impera·¹

96 1553 151 1619 tot
163 1542 200 1616 in
222 1562 347 1637 preces
369 1523 571 1617 sicitasnou
591 1544 734 1615 tanturn
752 1563 825 1617 non
844 1555 1016 1639 manne,
1040 1542 1100 1617 sed
1123 1540 1238 1616 etiam
1252 1539 1405 1617 libenter
1425 1541 1464 1617 de
1477 1541 1719 1638 gratiodffime

96 1659 279 1739 consensit.
326 1659 463 1739 Verum
486 1680 599 1757 quum
622 1657 779 1757 Jesnitae
805 1661 879 1757 jam
904 1663 943 1737 in
977 1660 1123 1737 turbido
1151 1659 1274 1757 piscari
1303 1659 1514 1751 statuissent,
1552 1667 1589 1748 ἅ
1619 1660 1722 1740 snmus

96 1782 142 1858 de
168 1790 300 1877 optata·
319 1777 422 1853 udae
444 1777 645 1855 viennensis
662 1779 923 1858 Benedittione
942 1779 1172 1867 dubitarent,
1203 1781 1249 1856 ad
1267 1781 1477 1882 Episcopus,
1508 1781 1545 1857 in
1565 1805 1722 1881 qnorum

96 1898 325 1978 Dioecofibus
349 1895 562 1974 monasteria
578 1897 810 1976 restistuenda
833 1900 1020 1996 jacebant,
1046 1897 1264 2000 &precibus
1283 1901 1655 1981 &criminationibus
1686 1901 1720 1978 se

96 2027 365 2098 conuerterant.
412 2016 592 2093 Dicebant
619 2018 723 2096 enirn
749 2025 789 2116 a)
814 2019 1058 2116 Ignorantiam
1087 2032 1244 2099 matrem
1261 2020 1449 2098 haeresum
1466 2046 1597 2099 recens
1616 2044 1721 2097 exor-

96 2150 214 2216 tarum
240 2134 365 2222 suisse;
394 2137 593 2212 monachos
612 2138 680 2213 esse
706 2139 753 2236 b)
779 2139 924 2215 inutilia
947 2153 1067 2217 terrae
1086 2144 1266 2237 pondera,
1300 2142 1472 2237 minanam
1492 2163 1607 2240 pecus
1636 2164 1722 2218 ven·

99 2269 172 2335 tres
189 2258 335 2356 pigros:
366 2256 533 2334 ordinem
555 2257 833 2336 Benedisiinum
855 2282 930 2335 non
960 2260 1094 2336 habere
1133 2261 1284 2337 idoneos
1312 2261 1359 2337 ad
1388 2261 1541 2340 Vineam
1574 2260 1724 2337 Domini

96 2377 334 2454 excolendam
350 2376 545 2474 operarios.
591 2378 713 2461 Quare
725 2401 841 2477 quum
856 2379 1099 2475 Cnngregatio
1116 2380 1318 2457 societatis
1339 2381 1421 2481 Jesr
1449 2379 1663 2480 Disciplinae
1685 2380 1724 2458 dr
1791 2370 1794 2375 ’

96 2497 288 2576 Dottrinae
313 2496 410 2572 sama
429 2495 567 2595 semper
586 2499 774 2603 floruisset,
812 2470 995 2599 quumqu'e
1017 2499 1213 2576 haereticis
1237 2501 1323 2598 poni
1339 2502 1441 2577 obex
1460 2501 1598 2597 absque
1620 2499 1723 2576 omni

96 2620 325 2696 scientiarum
348 2637 483 2711 genere
510 2615 662 2693 minime
683 2619 810 2718 posset,
832 2614 960 2715 putare
985 2622 1036 2708 se,
1063 2623 1100 2697 dr
1123 2608 1303 2717 optimum
1320 2623 1359 2696 de
1378 2619 1620 2696 breuissimum
1638 2642 1725 2696 cum

96 2741 146 2815 ad
172 2736 285 2813 fidem
306 2736 541 2823 firmandam,
569 2748 652 2811 tum
683 2740 730 2813 ad
761 2737 936 2813 haerefim
962 2738 1227 2835 exstirpandam
1253 2739 1457 2815 remedium
1488 2738 1584 2820 sore,
1620 2736 1646 2811 sr
1677 2762 1725 2813 ex

96 2854 301 2937 redditibus
323 2855 623 2932 Monasteriorum
644 2856 896 2934 exstintiorum
919 2855 1161 2943 Academiae,
1185 2856 1364 2953 collegia.
1391 2859 1429 2939 dr
1454 2854 1659 2935 Seminane
1679 2857 1725 2955 c)
1840 2884 1843 2889 ·

97 2977 347 3065 exstruantur.
369 2976 496 3076 eisque
528 2975 656 3052 Patres
683 3000 705 3051 e
728 2974 913 3051 Societate
931 2975 1197 3074 praeficiantur.
1247 3078 1253 3083 .

195 3214 279 3291 Hae
299 3215 460 3291 rationes
482 3236 568 3312 prae
591 3214 723 3291 ceteris
741 3210 1001 3290 constantiensi
1023 3211 1061 3290 δι
1079 3211 1290 3310 Augnstado
1304 3211 1489 3311 Episcopis
1503 3211 1725 3311 placuerunt.
1745 3304 1749 3309 .

100 3335 222 3423 Quare
240 3335 363 3431 juntio
383 3333 478 3434 quasa
505 3357 589 3410 cum
609 3334 796 3410 Societate
817 3333 961 3409 foedere
983 3356 1061 3411 rem
1085 3332 1194 3409 serius
1215 3355 1321 3430 agere
1348 3346 1565 3429 coeperunt,
1598 3336 1724 3410 Mona·

98 3454 208 3532 steria
232 3456 389 3534 ermae
407 3457 455 3531 ad
482 3451 534 3551 se,
568 3478 642 3528 non
668 3455 713 3530 ad
739 3454 896 3529 Ordines
922 3453 1100 3551 pertinere
1123 3454 1342 3532 dirruentes
1404 3451 1559 3550 Jesuitae
1580 3452 1727 3535 interim

99 3577 201 3653 varia
226 3574 353 3673 scripta
379 3573 631 3670 diuuigabant,
655 3573 851 3650 Monachis
880 3573 1017 3650 nedum
1041 3573 1180 3660 odiosa,
1204 3574 1264 3649 sed
1288 3577 1326 3653 dt
1350 3588 1460 3675 quana
1484 3573 1646 3650 maxime
1669 3573 1727 3648 in·

96 3694 212 3792 juria,
239 3697 276 3772 dr
302 3695 568 3770 contumeiiosa
620 3694 721 3777 Quae
747 3691 895 3790 quidem
917 3694 1040 3768 omnia
1067 3693 1309 3791 praesentiens
1333 3695 1372 3769 P.
1393 3691 1570 3786 Georgius
1586 3690 1726 3772 Senon.

98 3814 212 3901 haine
234 3813 326 3888 nihil
347 3814 533 3913 antiquius
549 3813 711 3910 optabat,
740 3807 853 3910 quam
879 3812 1230 3897 vtReuerendisstmi
1252 3812 1331 3889 DD.
1358 3811 1522 3889 Abbates
1543 3810 1727 3907 quereiam

98 3931 214 4011 missis
235 3956 281 4007 ex
303 3933 451 4008 Gremio
475 3933 640 4011 Patribus
663 3935 709 4007 ad
729 3930 906 4008 sommam
927 3934 1048 4009 sedem
1073 3931 1271 4017 deferrent.
1310 3936 1347 4011 dr
1365 3957 1415 4008 ex
1436 3931 1612 4010 Vaticano
1628 3930 1727 4006 Con·

99 4051 294 4131 nouerfiae
312 4050 528 4128 decisionem
544 4064 718 4150 peterent
769 4034 969 4155 sisrffioncm,
1001 4055 1105 4148 inquit
1129 4052 1170 4148 d)
1196 4052 1393 4128 vehementer
1418 4065 1538 4151 organi
1564 4048 1727 4124 Dominus

101 4171 404 4275 Cremipioncnfis,
431 4172 480 4249 D.
504 4171 786 4275 Qucsienbergius‚
815 4171 856 4250 td
876 4174 925 4248 D.
945 4172 1204 4275 Hiideprnndus.
1248 4172 1290 4246 In
1305 4198 1401 4268 qnam
1422 4197 1489 4246 rem
1511 4183 1650 4270 parator
1666 4168 1727 4244 iro·

98 4274 212 4372 bernus
223 4293 383 4392 plurimos
403 4291 443 4370 is
460 4295 667 4395 ompiifflmos
687 4294 937 4400 pronzoton'nses
954 4291 1003 4367 od
1019 4290 1165 4389 Papum,
1197 4292 1245 4364 nd
1261 4288 1446 4391 Principem
1468 4289 1595 4365 sumiti
1615 4303 1727 4365 orato·

99 4442 170 4493 rem
206 4411 421 4512 Caesaream,
459 4412 500 4490 65
538 4415 645 4500 aiios,
689 4438 766 4510 quos
794 4409 935 4490 Romamn
970 4409 1154 4514 destinabo.
1194 4434 1289 4508 quum
1325 4414 1469 4511 prinmm
1508 4407 1549 4484 P.
1585 4407 1727 4486 Franci·

143 4701 180 4783 ι)
207 4700 287 4765 ibnr·
309 4699 362 4784 96.
377 4695 434 4782 foi
455 4715 527 4783 559·
614 4648 948 4782 Missis-4335
977 4691 1308 4781 χο)11]ι“ιῌοὶ.39φ.
1390 4695 1429 4777 d)
1494 4695 1499 4708 '

467 4898 480 4959 i
