3742 5160
172 194 245 303 iio
774 221 1195 313 sewum*
1346 240 1349 244 ·
1397 244 1402 255 ·

142 390 292 475 'tantm
316 394 602 494 Exspatiationis
626 399 820 484 lviiloriam
852 398 1027 475 funestam
1061 398 1213 485 faceret,
1255 379 1324 472 elie
1351 397 1511 487 Vulnus,
1548 392 1800 505 quo'Jonnnes

96 581 99 589 .
167 517 206 594 de
230 517 369 618 Austrin
394 516 579 613 supremus
604 518 828 595 Christianae
849 517 960 612 cla'lirs
992 517 1197 598 Praefedius
1222 516 1359 596 infelici
1383 519 1463 596 alea
1487 519 1698 597 transfossus
1720 520 1800 597 abs-

18 711 21 714 .
167 660 240 737 que
264 637 336 715 vlla
360 635 484 713 salutis
505 636 563 733 spe
588 639 832 717 decumberet.

263 778 440 876 Sequenti
471 801 560 854 mox
589 802 686 855 anno
720 777 816 855 iuter
850 789 1088 884 congregatos
1122 778 1251 858 Vlmae
1281 775 1406 862 Mense
1438 778 1608 878 Jarruario
1641 776 1797 856 statuum

166 897 408 975 Sueuicorum
431 898 570 993 legatos
595 919 748 995 magnae
783 912 931 974 exortae
963 900 1043 976 sunt
1070 896 1350 982 controuerfiae.
1389 898 1592 997 dequibus
1618 896 1737 973 noller
1759 897 1800 973 sr-

166 1019 245 1095 mul
278 1019 316 1097 dr
343 1016 643 1094 Ochsenhusnnus
669 1017 901 1094 Comislarius
935 1018 1098 1119 Georgius
1122 1019 1158 1119 i)
1193 1046 1215 1094 o
1253 1016 1412 1118 Tirrberg
1443 1018 1480 1092 in
1519 1014 1802 1119 Wldentierberg

165 1138 225 1216 his
249 1138 344 1215 inter
369 1136 439 1213 alia
463 1131 582 1215 verbis
613 1140 661 1216 ad
692 1140 874 1216 Abbatem
907 1139 1096 1215 meminit:
1135 1136 1280 1218 Nudius
1307 1140 1455 1226 tertius,
1487 1136 1624 1223 idest,
1663 1138 1800 1238 ¹41⁸·

166 1256 419 1356 unanimam
446 1257 516 1333 hae
541 1257 702 1334 Litterae
741 1267 794 1339 rb.
820 1255 986 1353 ejusdem
1017 1258 1151 1335 uenus
1181 1260 1289 1334 datae
1314 1258 1418 1352 sunt)
1454 1256 1576 1335 uerus
1601 1280 1713 1335 mane
1737 1259 1799 1335 de·

166 1375 322 1476 putatis,
353 1375 431 1474 post
453 1378 650 1455 Prandium
678 1378 836 1473 Legatus
869 1375 1029 1481 Bodensts
1052 1378 1092 1453 in
1112 1377 1276 1455 medium
1306 1376 1521 1474 progressus,
1562 1377 1695 1456 fatiam
1730 1376 1798 1454 Su·

165 1496 298 1595 periuri
327 1497 402 1592 jam
426 1519 523 1572 anno
552 1497 833 1574 Postulationem
864 1496 1085 1587 instaurauit,
1160 1495 1346 1596 Propeusrs
1379 1506 1607 1572 tamennon
1638 1498 1733 1574 adeo
1759 1495 1796 1573 irr

165 1617 261 1695 hanc
286 1639 364 1693 rem
395 1615 562 1703 statibus,
597 1617 691 1693 inter
714 1617 909 1694 Dosiorem
935 1617 1109 1694 Isisinndm
1134 1615 1330 1720 Bertsciiz,
1373 1618 1412 1697 dr
1442 1615 1617 1692 Domum
1647 1612 1797 1692 Rhomen

165 1759 295 1836 graues
321 1736 488 1836 utrinque
518 1736 602 1813 lites
629 1735 890 1814 excitabantur.
954 1739 1126 1816 Proxima
1151 1739 1211 1814 die
1235 1737 1408 1814 stantibus
1433 1736 1492 1812 sua
1512 1734 1632 1812 adbuc
1653 1736 1799 1814 senten·

165 1858 218 1934 tia
251 1855 499 1933 Praelatorum
529 1855 791 1956 comitumque
827 1858 1108 1945 Commiliariis,
1155 1860 1257 1935 suum
1293 1857 1475 1934 retinuere
1510 1867 1636 1934 votum
1673 1855 1798 1957 ragau

171 1973 504 2075 Wesenbergurses,
553 1976 712 2052 creditae
744 1976 935 2070 Potestatis
968 1978 1148 2057 defettum
1175 1978 1328 2056 cauuau
1393 1980 1533 2053 Verum
1559 1973 1686 2076 Legati
1711 1974 1796 2054 Con·

158 2099 302 2199 slantien
318 2124 352 2172 es
374 2097 444 2172 hac
465 2097 512 2172 de
533 2095 757 2194 responsione
783 2097 1019 2176 vehementer
1046 2100 1189 2185 mirati,
1222 2099 1474 2199 reposuerunt:
1510 2110 1638 2172 contra
1667 2096 1797 2196 prima·

164 2217 239 2294 rias
261 2215 330 2292 effe
353 2215 528 2321 Foederis
547 2215 658 2313 hujus
683 2217 843 2314 regulas,
879 2216 906 2294 sr
929 2242 1022 2298 unus
1042 2220 1180 2297 alterne
1194 2221 1313 2296 slatus
1337 2218 1440 2296 saitis
1462 2244 1523 2318 per
1543 2218 1690 2318 Majoru
1712 2241 1796 2297 con·
1827 2222 1834 2227 ’

166 2335 381 2414 clusionibus
406 2357 625 2437 repugnare,
654 2351 719 2414 aut
750 2338 864 2415 etiam
894 2351 1109 2419 contraeas
1136 2350 1281 2416 tantum
1310 2338 1478 2436 excipere
1500 2336 1615 2436 polirt.
1673 2336 1801 2437 Egres

163 2454 213 2537 fis
236 2457 283 2532 ad
309 2455 401 2534 haec
431 2458 549 2535 Verba
592 2456 961 2560 Writenbergenfibm,
1013 2459 1124 2535 ceteri
1158 2459 1457 2535 deliberationem
1488 2457 1695 2557 prosequuti
1731 2458 1795 2537 stn-

166 2588 332 2662 tuerunt,
363 2575 548 2653 discessum
578 2575 827 2674 delegatorum
852 2580 995 2675 potius,
1027 2603 1138 2677 quam
1165 2578 1376 2675 Delegantis
1405 2578 1549 2676 culpam
1574 2579 1794 2659 censendum
1807 2622 1842 2641 ν

167 2697 254 2786 elie,
279 2695 421 2777 &ideo
456 2697 690 2774 conuentum
723 2697 848 2781 multis
877 2698 1063 2796 inceptum
1092 2698 1267 2776 sumtibus
1302 2723 1375 2774 non
1403 2712 1546 2775 tantum
1573 2721 1649 2775 non
1679 2696 1795 2775 dissol-

167 2817 349 2905 vendum,
396 2817 456 2893 sed
484 2816 771 2915 prosequendum
799 2818 966 2905 omnino,
1011 2831 1121 2918 atque
1151 2818 1371 2906 finiendum,
1413 2818 1534 2897 relisia
1565 2807 1799 2917 postmodun

168 2937 363 3016 Caesareae
385 2934 562 3035 blajellati
587 2937 689 3037 super
714 2960 871 3037 aequum
894 2951 958 3015 aut
981 2938 1147 3039 iniquum
1174 2939 1364 3016 decisrone.

264 3077 433 3156 Perleiiis
458 3078 582 3180 itaque
605 3081 763 3181 primum
788 3079 939 3170 litteris,
978 3104 1070 3180 quas
1092 3082 1261 3160 Nuncius
1282 3079 1565 3184 Norimbergenfis
1587 3102 1612 3156 a
1635 3078 1814 3180 Congrez

169 3197 264 3297 gatis
289 3198 509 3299 Francosurri
531 3180 673 3300 loberii
701 3199 893 3297 Deputatis
919 3200 1118 3290 adtulerat,
1159 3199 1264 3301 queis
1288 3212 1490 3276 conuentus
1517 3194 1704 3278 Abbatum
1730 3202 1813 3279 Fe-

169 3320 223 3398 ria
246 3321 286 3396 ll.
312 3319 641 3418 postDominicam
663 3319 878 3420 Renriniscere
905 3320 1141 3399 indicebatur.
1192 3320 1394 3398 Transrtum
1421 3320 1467 3395 ad
1494 3320 1648 3399 Certum
1669 3322 1817 3400 Mone-

169 3452 291 3519 tarum
325 3440 489 3517 ordinem
516 3438 762 3524 statuendum.
808 3440 1067 3541 decretumque
1096 3441 1166 3530 est,
1215 3453 1256 3521 vt
1288 3439 1326 3516 in
1360 3438 1534 3536 posterum
1569 3440 1697 3516 nullibi
1732 3440 1803 3519 niu

170 3558 405 3662 Stutgnrdiue,
445 3560 613 3661 Augustae
650 3559 915 3650 Vindelicorrnn,
930 3583 933 3589 ·
948 3574 1057 3661 atque
1088 3561 1292 3663 Tettnongnr
1315 3559 1498 3656 ejusmodi
1529 3558 1698 3637 officinae
1729 3560 1826 3637 eri-

170 3692 319 3778 gantur.
345 3691 455 3780 atque
481 3679 689 3759 tolerentur.
739 3681 820 3757 Post
846 3679 961 3761 multa
982 3680 1054 3757 alia
1079 3683 1230 3760 tandem
1251 3691 1407 3781 quatuor
1434 3660 1695 3770 commissarii,
1733 3681 1814 3757 sci·-

171 3827 218 3879 ex
237 3801 382 3899 lingulis
406 3801 560 3877 statuum
582 3800 749 3878 subselliis
765 3823 873 3886 unus,
902 3803 965 3901 qul
984 3801 1022 3878 in
1038 3801 1299 3879 postulationes
1319 3800 1433 3879 Caroli
1458 3798 1621 3901 Badenfis
1640 3800 1812 3901 inquire-

169 3933 268 4019 rent,
296 3921 478 3999 constituti
496 3923 595 4011 sunt,
627 3921 715 3998 dato
748 3923 916 4017 negotio,
957 3933 997 4000 vt
1022 3921 1197 4019 expensas
1221 3923 1351 4021 quibus
1378 3919 1425 3995 ad
1444 3919 1612 4031 propriae
1633 3918 1802 3999 'Didonis

170 4042 324 4120 tutelam
347 4043 427 4120 usus
453 4039 587 4128 fuerat,
619 4042 753 4130 abiis,
777 4065 867 4140 quas
895 4043 941 4117 ad
963 4040 1098 4118 Circuli
1119 4040 1371 4119 Desenlionem
1390 4038 1521 4116 insumi
1542 4040 1681 4118 necesse
1707 4040 1797 4127 suit.

169 4163 412 4261 sejungerent,
445 4166 483 4241 dr
509 4163 646 4261 postero
676 4164 737 4239 die
759 4161 806 4237 de
836 4159 1086 4258 posterioribus
1110 4161 1148 4236 in
1175 4162 1281 4263 pleno
1313 4158 1469 4237 consessu
1495 4161 1665 4238 referent
1698 4254 1702 4264 Ι
1731 4160 1793 4240 rid

168 4282 265 4368 hanc
295 4272 524 4360 Prouinciam
553 4284 759 4360 obeundam
790 4280 894 4362 elesii
936 4279 1017 4355 sunt
1048 4304 1096 4356 ex
1114 4278 1250 4358 Ordine
1275 4281 1482 4382 Principum
1510 4279 1785 4384 Cumpidoienfis.

169 4400 434 4490 praelatorum.
470 4401 752 4507 Ocisrrriusauur,
779 4400 970 4483 Comitum
992 4399 1310 4509 db'rslcnbergrnsts,
1343 4401 1382 4481 ἀ
1411 4398 1614 4491 Cluitatam
1632 4402 1783 4519 denique

173 4521 344 4626 lstnzeofis.
913 4559 917 4565 ¹

209 4719 240 4804 i)
265 4716 345 4787 Yom.
368 4738 421 4806 αῖ.
433 4716 489 4805 su.
512 4722 585 4809 267.
1654 4616 1780 4797 [Quum
