3736 5160
553 253 556 257 ’
677 260 1098 352 *mm
1630 275 1703 351 aon
1802 319 1804 322 <

72 446 177 525 eant
205 432 382 521 summam
409 438 602 529 inminuit,
640 438 698 518 sed
721 439 759 517 δι
783 452 943 516 veterem
967 463 1016 515 ex
1039 435 1205 543 instituto
1236 434 1276 513 S.
1297 437 1338 515 P.
1372 435 1561 515 Benedisli
1594 434 1705 513 Discie

74 566 213 665 plinam
241 560 466 660 pedetentim
497 580 582 638 cutu
611 554 833 639 Discretione
866 557 1108 637 &suauitate
1139 559 1177 632 in
1218 555 1377 635 nostrum
1413 561 1450 637 n
1481 558 1552 633 alia
1591 556 1705 635 etiam

76 680 217 763 ordinis
247 692 356 781 atque
386 678 676 777 congregationis
703 678 844 754 nostrae
872 678 1089 755 Monasteria
1119 675 1285 753 induxit.
1324 680 1512 776 ereitaque
1537 680 1574 754 dt
1598 700 1622 751 a
1653 676 1706 751 see

75 806 121 883 de
145 799 339 902 apostolica
365 798 579 877 conlinnata
602 797 879 899 Dinecefirnorum
893 796 1064 876 [libatum
1083 795 1362 897 Congregntions,
1387 797 1568 874 stabiliuit.
1607 795 1704 873 Cum

71 918 247 1000 consensu
270 918 458 1018 Episcopi,
492 917 721 1016 capitulique
741 942 871 995 omnes
899 917 1079 1020 Exposttos
1103 915 1288 1017 Religinfhs
1310 918 1477 1005 reduxit,
1515 921 1553 995 dt
1573 916 1704 993 Parne-

68 1042 152 1119 cias
179 1037 514 1136 Praepositurasque
538 1037 754 1113 secrdaribus
782 1039 1023 1114 sacerdotibus
1049 1034 1224 1111 instruxit.
1287 1036 1431 1136 Dignus
1463 1038 1544 1113 sane
1568 1037 1704 1112 inmor-

59 1162 137 1240 tall
181 1159 362 1236 Memoria
403 1157 444 1235 dt
477 1155 756 1233 Beneditlione:
809 1160 848 1235 dt
875 1157 934 1232 cui
958 1168 1034 1233 tam
1064 1156 1157 1231 bene
1192 1155 1241 1231 de
1281 1156 1387 1232 nobis
1423 1157 1571 1242 merito,
1616 1168 1736 1252 prae'

55 1278 262 1359 omnibus-
276 1276 529 1371 Praerogatina
550 1274 687 1374 secundi
714 1277 916 1352 Fundntnris
940 1275 1177 1351 adtribuatur.
1210 1272 1270 1350 .A
1295 1274 1391 1352 Viris
1418 1275 1618 1374 praecipuis
1638 1298 1703 1372 pro

52 1394 378 1477 illuminatiffimo
400 1394 566 1479 babitus,
612 1394 799 1491 Vulssoqne
822 1394 1003 1494 speculum
1032 1394 1235 1481 Abbatum,
1276 1392 1386 1470 Pater
1412 1397 1633 1492 Pauperum,
1666 1393 1705 1471 dt

47 1514 310 1598 Humilitatis
330 1513 526 1611 Exemplar
549 1513 675 1591 ditius.
735 1514 833 1592 Obiit
860 1540 957 1590 anno
981 1537 1039 1611 pot
1070 1512 1217 1589 Aetatis
1239 1514 1405 1590 nondum
1427 1514 1626 1611 completo,
1663 1512 1703 1589 in

50 1660 215 1717 nouam
227 1636 395 1712 Fratrum
409 1632 623 1731 sepulturam
638 1657 659 1709 a
674 1633 789 1732 seipso
802 1634 840 1711 in
853 1632 979 1710 sacello
993 1634 1031 1710 S.
1040 1631 1185 1712 Nicolai
1198 1633 1410 1711 exllmtlam
1423 1632 1557 1710 illatus.
1568 1631 1702 1710 strille.

169 1876 253 1953 Nos
284 1870 380 1951 tanti
416 1871 532 1949 Patris
560 1870 694 1947 Merita
717 1870 838 1949 sufiori
873 1869 1013 1947 calamo
1044 1868 1262 1968 exposituri,
1311 1870 1495 1951 scribendo
1525 1872 1703 1961 eundem,

58 2019 188 2098 quem
214 1992 288 2092 ipse
312 1992 471 2087 regendo
499 1990 637 2078 tenuit,
668 1990 832 2067 ordinem
855 1990 1091 2074 seruabimns,
1126 1989 1284 2078 nullius,
1327 2004 1368 2070 vt
1392 1993 1593 2092 speramus,
1618 1992 1702 2070 Ari·

66 2096 213 2194 itarcbi
236 2109 397 2189 obeliscis
412 2109 621 2207 jugulandi,
653 2108 821 2186 strerum
848 2109 1025 2204 gestarum
1052 2108 1235 2207 Expofitio
1272 2112 1476 2209 Regiminis
1508 2115 1704 2211 adsequuta

75 2234 197 2312 suerit
223 2226 439 2309 felicitatem.
497 2230 621 2306 Abbas
646 2229 755 2325 igitur
782 2241 824 2307 rt
847 2228 1036 2318 Fabricae,
1073 2252 1183 2328 quam
1204 2232 1436 2318 moliebatur,
1472 2231 1704 2309 Fundamen-

73 2366 164 2431 tum
193 2350 334 2429 sirmum
361 2362 530 2448 poneret,
573 2361 683 2448 atque
705 2350 803 2427 viros
828 2368 904 2425 non
933 2348 1031 2437 nae,
1074 2349 1135 2426 sed
1160 2373 1245 2429 vere
1273 2355 1311 2431 u
1335 2352 1444 2429 solide
1469 2353 1549 2451 pins
1572 2353 1704 2450 produ·

67 2482 200 2561 ceret,
225 2472 271 2549 ab
285 2468 485 2547 officiorum
505 2469 724 2565 cognitione
746 2491 894 2546 omnem
915 2470 1029 2546 ferme
1052 2490 1178 2577 eorum
1200 2469 1506 2571 Exsequutionem
1527 2473 1703 2577 pendere.

62 2593 189 2693 probe
214 2588 414 2676 intellexit,
454 2588 697 2684 Ignorantiam
729 2612 797 2665 ceu
823 2582 1091 2665 Coenobiorum'
1118 2591 1257 2670 l’eslem
1287 2594 1496 2669 detestatus.
1566 2592 1705 2670 Verum

67 2734 194 2814 quum
212 2710 260 2785 ad
274 2721 420 2786 exteras
435 2708 694 2819 Academicus,
719 2708 995 2787 domesticorum
1010 2707 1208 2785 notrorum
1234 2710 1358 2806 inopia
1370 2715 1533 2798 coattus,
1558 2711 1704 2786 mittere
1824 2726 1827 2731 ·

69 2828 278 2927 Religiosos
304 2852 432 2906 recens
456 2840 563 2903 natos
579 2829 744 2913 deberet,
770 2827 981 2926 solitamque
1000 2824 1137 2903 ibidem
1155 2827 1303 2906 uiuendi
1322 2833 1501 2908 rationem
1523 2830 1702 2916 nosceret,
1774 2912 1778 2923 ,

75 2952 281 3050 Dilingnm‚
322 2950 382 3027 vbi
407 2948 478 3045 ipse
503 2970 646 3046 quoqne
673 2941 902 3024 scientiarum
930 2949 968 3025 dt
990 2944 1142 3022 Pietatis
1164 2948 1385 3027 documenta
1411 2951 1595 3036 hauserat,
1618 2971 1704 3046 prae
1767 2928 1775 2939 ’

79 3071 213 3148 ceteris
240 3068 370 3165 elegit,
406 3068 569 3167 expetito
598 3091 621 3142 a
647 3065 863 3143 Prouinciali
893 3065 931 3142 S.
956 3062 988 3165 J.
1009 3064 1117 3153 Viro,
1158 3068 1220 3166 qui
1248 3069 1395 3147 Plantas
1424 3073 1462 3150 u
1482 3069 1624 3168 sonere,
1664 3071 1704 3150 dt

80 3211 235 3290 purgare
258 3188 378 3286 posset.
443 3187 567 3266 Missus
591 3186 640 3264 eli
672 3190 712 3262 P.
733 3186 848 3287 Julius
872 3184 1138 3275 Prisciacensrs,
1183 3191 1247 3287 qui
1273 3202 1470 3288 conceptas
1492 3190 1539 3265 de
1561 3188 1601 3265 se
1626 3190 1705 3287 spes

82 3308 231 3407 majori,
273 3330 383 3407 quam
407 3330 475 3405 pro
502 3302 793 3404 Exspestatinne,
848 3303 1014 3383 mensura
1039 3306 1278 3405 adimpleuit;
1324 3310 1436 3396 adeo,
1475 3319 1533 3396 vt,
1589 3332 1705 3409 quum

84 3450 178 3505 anno
204 3436 309 3521 1596.
333 3425 514 3515 evincis,
549 3449 622 3524 quo
644 3430 689 3505 ab
712 3428 858 3531 Abbate
884 3423 997 3501 animi
1020 3424 1246 3504 exhilarandi
1275 3427 1392 3525 gratia
1420 3426 1598 3506 inuitatus
1626 3428 1704 3504 fite·

84 3560 154 3638 rat,
193 3548 313 3624 redire
335 3547 382 3623 ad
402 3544 666 3624 Prouincialem
699 3547 892 3643 cogitaret,
932 3545 993 3620 his
1015 3542 1205 3624 inomaus
1230 3548 1380 3625 Litteris
1408 3574 1423 3627 r
1429 3572 1464 3644 5.
1493 3548 1703 3626 Decembris

84 3667 281 3745 numera
298 3664 365 3763 k):
418 3664 633 3756 „Reuemnde
658 3664 781 3744 Pater!
830 3665 938 3743 Nolui
970 3663 1010 3741 P.
1036 3662 1174 3770 ,Julian
1199 3670 1272 3769 stne
1303 3673 1384 3746 meis
1411 3671 1458 3748 nd
1481 3695 1539 3746 nos
1562 3665 1704 3744 litteris

83 3784 218 3878 „obire
272 3784 437 3871 NOtiosus
478 3796 576 3861 certe
603 3787 697 3883 apud
732 3808 801 3862 nos
832 3784 894 3861 ille
927 3783 1123 3870 nonfuit,
1160 3787 1324 3886 quotidie
1352 3789 1428 3865 sere
1468 3790 1561 3866 duas
1593 3787 1704 3864 boras

86 3904 345 3994 „exhonoras
378 3902 540 4002 publice,
590 3906 627 3983 u
660 3906 845 3990 docendo,
898 3915 1117 4000 occupatum
1174 3907 1273 4004 qood
1306 3906 1486 4006 reliquum
1527 3905 1703 4004 temporit

86 4022 198 4116 ,tuin
241 4023 281 4100 id
301 4026 339 4099 in
361 4024 501 4123 prinmo
529 4024 729 4124 coloquio,
781 4048 874 4124 quae
901 4046 985 4099 cum
1014 4018 1159 4117 singulis
1189 4046 1252 4121 pro
1276 4026 1471 4122 cujuslibet
1496 4040 1625 4124 captu,
1664 4028 1704 4104 dt

85 4144 321 4237 „necesitate
347 4142 476 4221 habita
501 4142 599 4233 sunt,
631 4144 803 4223 collatum
832 4142 901 4229 est.
934 4141 993 4220 sed
1020 4140 1059 4219 dt
1086 4141 1312 4239 excipiendis
1334 4145 1610 4224 confessionibus
1628 4166 1704 4220 nou

83 4288 240 4366 „parurn
268 4262 446 4341 sudatum.
521 4262 725 4341 Vtilitatem
752 4264 792 4343 δι
819 4264 973 4343 bunum
1000 4259 1111 4354 hujus
1137 4261 1289 4349 laboris,
1327 4286 1397 4362 ego
1425 4266 1605 4352 maxime,
1644 4259 1704 4341 cui

84 4368 260 4484 ,porinus
281 4382 356 4459 diei
383 4381 781 4471 annominemus,
815 4391 1149 4480 meperceptumm
1178 4383 1338 4462 confido.
1401 4385 1501 4465 Noni
1527 4383 1625 4485 quan
1649 4383 1705 4465 oi·
1857 4471 1859 4476 ,

82 4506 262 4596 „demur,
302 4501 386 4581 fasti
413 4502 603 4596 homines,
638 4504 822 4606 animique
854 4501 962 4585 vnde
990 4498 1128 4579 accensi
1160 4513 1344 4603 apparent.
1419 4502 1491 4587 Pro
1521 4503 1593 4586 hac
1616 4524 1703 4583 vern

907 4621 1015 4721 Pp3
1560 4625 1704 4718 ,vestro

117 4742 160 4828 k)
183 4740 267 4813 Tou.
286 4760 340 4826 34.
355 4739 410 4827 sol.
431 4764 504 4831 103.
