3736 5160
732 216 1152 315 *mx*
1325 256 1341 339 J
1681 237 1755 317 479

127 401 218 483 dum
247 382 507 484 obducebatur,
525 419 603 473 eos
629 396 811 474 insecutus
843 397 894 474 est
924 422 1038 496 usque
1065 398 1112 474 ed
1137 397 1274 497 Zwisal
1273 396 1358 496 tense
1375 394 1663 481 Monasteriumt
1696 393 1757 475 sed

126 546 167 600 re
193 522 385 715 ιιιῑιιὶιίιαΤ
356 509 486 604 redut
525 517 687 594 cntrsatus
717 516 843 596 nimiis
874 515 910 593 se
933 516 1118 597 imbribus
1142 508 1371 618 impeditum
1406 514 1557 595 vlterius
1592 513 1757 614 progredi

124 664 202 718 uon
225 654 290 739 pot
354 663 386 716 e.

222 854 334 933 Anno
365 857 551 948 1o4o.11.
578 844 678 949 May.
704 849 954 930 Solennislinia
973 850 1011 928 in
1040 852 1169 933 Vineis
1192 850 1368 931 Procesiio
1390 850 1562 954 equestris
1584 848 1756 929 com'Ss.

114 971 404 1075 Sanguine-suit
425 966 579 1070 spedatu
596 969 804 1066 dignilirma.
856 972 1065 1050 Condutius
1088 995 1275 1050 nonnemo
1296 974 1360 1073 qui
1382 971 1582 1073 nngustiore
1606 966 1757 1048 monitu

126 1114 243 1193 equos
286 1105 512 1179 numeraret,
565 1090 743 1166 recensuit
782 1089 870 1166 misse
912 1089 954 1168 &
999 1092 1253 1193 quadringentos
1277 1092 1332 1191 Ρ).
1425 1092 1622 1168 Intersuere
1654 1111 1756 1189 prae·

126 1212 225 1318 cipui
249 1196 454 1288 Praesetius
483 1208 668 1308 vtriusque
702 1208 860 1286 Sueuiae
898 1208 943 1284 D.
970 1204 1103 1316 eJoorrrr.
1135 1210 1299 1312 Georgius
1328 1211 1443 1289 Comes
1471 1237 1494 1286 n
1526 1208 1754 1310 Kornigsrgg,

126 1331 353 1422 colonellas,
386 1324 581 1435 Franciscus
614 1326 805 1429 suggeres,
836 1327 1013 1429 Equitum
1044 1328 1319 1431 Spurciianorrrm
1349 1330 1537 1433 Prasstilos
1566 1328 1756 1408 Hrrmonor
1849 1382 1852 1389 -

125 1448 240 1539 Rittrr
265 1474 349 1529 cum
373 1449 444 1561 suis
473 1448 654 1527 omnibus.
1517 1504 1522 1513 .
1809 1488 1813 1495 .

112 1663 147 1741 .'
228 1715 284 1769 12.
310 1687 420 1791 Junii.
443 1684 653 1764 Reuertitur
682 1687 784 1768 obses
806 1682 1102 1771 Reuerendiffimi
1134 1684 1244 1839 nostri
1275 1695 1345 1770 etc.
1375 1711 1459 1770 arce
1465 1686 1678 1768 Duellium
1711 1684 1751 1765 P.

80 1875 85 1882 .
125 1810 235 1913 Ausci
233 1836 304 1887 mos
335 1808 453 1886 noster
476 1808 522 1885 ad
554 1806 698 1888 Vincas.

138 2150 142 2157 Ι
213 2074 282 2150 ²4·
307 2046 416 2150 Junii.
454 2043 586 2122 Culins
607 2037 648 2126 ἅ
672 2043 913 2122 Resetlorinm
939 2038 1155 2122 conuentus
1181 2045 1314 2128 iterum
1342 2057 1486 2150 operta,
1511 2071 1605 2151 quae
1620 2068 1756 2126 nouem

124 2194 243 2274 eunus
271 2168 470 2268 &aliquot
496 2166 636 2243 menses
662 2164 708 2243 ob
729 2162 864 2243 bellum
889 2162 1006 2242 clause
1032 2163 1188 2243 suerum.

223 2408 383 2505 3..Sept
411 2404 674 2482 Holenoisnoos
705 2382 1001 2484 Anninersarium
1035 2405 1249 2514 celebrauit,
1286 2407 1325 2486 dr
1361 2407 1482 2507 plores
1513 2405 1726 2484 hincinde
1715 2408 1754 2482 ιιι

124 2528 260 2610 vicinia
307 2527 411 2607 villas
447 2525 673 2603 incinerauit.
749 2526 855 2612 Quod
892 2523 936 2601 R
968 2525 1009 2598 Ρ.
1041 2525 1190 2603 Gabriel
1222 2526 1420 2604 Buzelinus
1449 2527 1544 2604 hisce
1563 2524 1753 2605 describit.

123 2649 259 2741 Dum
249 2672 287 2724 ιιι
314 2645 530 2724 Monasterio
553 2648 591 2725 dr
617 2645 718 2722 cella
732 2666 816 2721 mea
841 2644 1102 2742 Weingnrtensr
1132 2647 1299 2722 nonnihil
1323 2671 1346 2724 a
1377 2647 1503 2722 studiis
1529 2640 1777 2743 requiescens

125 2771 167 2849 in
192 2769 338 2847 hortum
364 2765 555 2864 prospicio,
582 2765 745 2841 monitus
781 2763 1005 2862 prouinciam
1037 2763 1327 2861 circumspicere,
1360 2763 1509 2841 diuerfis
1538 2763 1629 2838 locis
1652 2762 1755 2857 simul

125 2888 305 2988 semeique
326 2888 427 2962 adr
394 2912 486 2985 ogm
488 2897 514 2959 ι
488 2880 713 2959 cincendio
701 2891 864 2969 intueor,
893 2880 1136 2972 Geriernatore,
1160 2881 1279 2959 Dursl'
1265 2908 1340 2958 rano
1355 2880 1687 2981 Rauenspurgeirser
1706 2879 1731 2955 s
1720 2902 1755 2957 c

124 3020 286 3089 terrente
314 3009 351 3084 dr
378 3015 550 3101 cogente,
575 3003 673 3101 quod
703 3022 830 3076 murus
854 2997 959 3075 olaus
948 3023 979 3076 s
1003 3002 1176 3079 tributum
1195 3005 1355 3101 pendere
1374 3003 1597 3092 recusarent,
1623 3001 1754 3079 onmes¹

123 3129 269 3209 illorum
295 3148 409 3226 pagos
433 3144 584 3200 exurere
609 3119 871 3210 comminatus,
894 3119 933 3196 ni
963 3143 1087 3221 parere
1109 3134 1321 3203 annuerent.

131 3405 135 3411 ·
223 3370 282 3445 26.
306 3368 402 3443 Nou.
450 3360 540 3466 Festo
567 3357 604 3438 S.
631 3357 779 3437 Conrudi
800 3356 962 3460 Episcopi
991 3359 1033 3436 &
1059 3359 1201 3446 Patroni
1230 3366 1328 3467 nostri
1355 3362 1493 3440 summo
1522 3384 1632 3441 mane
1660 3322 1755 3441 dulit*

124 3486 333 3574 Laudesin
355 3484 477 3561 Choro
509 3482 732 3565 dicerentur,
759 3482 883 3554 succus
904 3479 1008 3556 miles
1035 3480 1293 3560 Mouasterium
1312 3484 1470 3559 noslrum
1487 3480 1626 3558 inuasit.
1675 3482 1751 3558 Ex·

123 3606 226 3685 tersit
249 3614 332 3685 doo.
358 3606 394 3681 sl.
427 3602 558 3680 resistis
588 3600 626 3675 in
651 3596 863 3699 praefidiurn
897 3601 1038 3677 duobus
1067 3602 1259 3702 equitibus.
1323 3603 1490 3699 Auffugit
1517 3602 1669 3702 quisque
1691 3599 1750 3680 vel

125 3725 269 3827 obdidit
301 3725 370 3800 sese
404 3746 476 3821 quo
508 3720 637 3819 potuit.
719 3720 813 3797 Vere
839 3719 925 3815 fuga
960 3719 1051 3798 haec
1075 3724 1167 3802 satta
1195 3722 1307 3801 estin
1330 3722 1525 3821 hyeme&
1550 3720 1747 3799 Sabbatho.

124 3848 205 3947 Sed
224 3847 357 3923 horum
381 3841 560 3920 malorum
583 3841 746 3918 nondum
771 3838 864 3914 finis.
916 3840 1013 3919 Nam

89 4069 97 4080 ’
134 4173 140 4183 ,
223 4110 280 4162 ιο.
305 4081 393 4158 Dec.
452 4080 547 4157 Cum
580 4076 722 4154 duobus
764 4077 895 4152 turmis
931 4076 1101 4175 Magister
1141 4079 1317 4180 Equitum
1363 4081 1528 4160 Didimon
1578 4082 1748 4170 aduenit,
1826 4043 1829 4047 ἠ

122 4206 164 4286 dt
186 4205 224 4282 in
249 4204 379 4304 oppido
403 4197 566 4279 Aitdorff
585 4196 752 4285 diuertit,
775 4195 834 4272 cui
863 4186 970 4298 ’ριιιΙο
994 4196 1070 4295 post
1089 4198 1149 4273 alii
1175 4201 1295 4298 piures
1322 4200 1356 4276 se
1379 4204 1669 4299 conjunxerunt:
1696 4203 1749 4283 ito

122 4336 167 4408 vt
190 4325 228 4403 in
251 4323 371 4424 plures
395 4331 535 4400 tunnas
555 4342 662 4397 excre
664 4316 810 4395 scerent'.
860 4316 932 4403 Qui
951 4340 1027 4393 noo
1052 4316 1117 4393 diu
1128 4317 1396 4397 haeserunt
1342 4320 1396 4399 Ar
1395 4318 1516 4422 tdorffir‘
1543 4320 1603 4405 sed
1618 4346 1748 4403 omnes

165 4586 332 4676 >Nostra
351 4594 444 4652 more
463 4585 618 4650 minimum
635 4602 731 4666 4000
754 4585 842 4650 immo
861 4579 1017 4669 modo
1030 4576 1130 4666 supro
1150 4596 1245 4666 7000.
1266 4580 1393 4671 Emito
1412 4581 1543 4670 adficere.
1700 4444 1748 4523 δα

954 4707 1059 4809 Per
