3736 5160
119 131 188 208 150
399 121 405 135 '
436 130 440 137 '
630 192 634 199 ,
726 122 1148 212 effimi-

117 294 209 372 tuiis
235 295 462 393 temporibus
495 294 532 370 in
557 294 688 371 eadem
709 295 867 373 Ecclesia
894 297 1135 382 obseruanda,
1172 320 1328 396 quoram
1355 298 1536 395 quaedam
1556 293 1755 394 praesenti·

116 416 185 493 bus
215 415 253 490 in
280 415 418 513 scriptis
443 415 526 491 sunt
556 416 751 492 subnotati.
817 418 955 492 Idcirco
986 442 1055 494 nos
1077 416 1231 493 Ioannes
1258 418 1382 497 Abbas
1417 416 1757 496 &Commiades

120 534 324 611 antedictus
361 536 489 611 Christi
523 536 674 610 nomine
706 535 897 626 inuocato,
935 536 1131 637 habitoque
1164 535 1313 634 desuper
1343 536 1541 634 peritorum
1571 535 1755 623 Consilio,

119 654 286 754 distoque
313 653 464 730 Alberto
491 654 639 731 Comite
654 655 840 733 humiliter
864 659 1056 734 &deuote
1078 657 1294 755 supplicante
1310 655 1696 739 eamdemEcclesiam
1717 658 1759 733 in

122 773 443 860 Bettenbrunnen,
471 774 698 852 Austoritate
720 776 926 872 Apostolica
950 800 1014 875 per
1036 778 1172 854 distiun
1195 776 1395 853 Dominum
1417 775 1577 853 nostruin
1598 776 1760 872 Papam,

123 892 161 970 dr
187 892 413 995 Apostolicas
440 895 563 970 literas
592 899 792 994 praetattas
826 895 931 973 nobis
968 896 1005 971 in
1043 895 1112 971 hac
1141 908 1242 993 parte
1273 896 1475 983 commissa,
1510 896 1762 993 praesentibus

121 1011 297 1108 erigimus
325 1015 363 1089 iii
386 1013 582 1092 Ecclesiam
604 1016 853 1113 collegiatam,
878 1038 921 1090 ac
945 1015 1062 1091 titulis
1087 1014 1309 1112 collegiatae
1336 1014 1518 1093 Ecclesiae
1539 1014 1763 1094 debitis-iii·

123 1132 354 1231 figuiuimus,
394 1134 577 1234 ipsamque
607 1132 805 1214 Ecclesiam
827 1136 867 1212 in
891 1136 1197 1213 Bettenbrunnen
1226 1138 1274 1213 de
1296 1147 1419 1213 cetero
1445 1135 1630 1234 perpensis
1658 1134 1763 1213 fiatu-

122 1254 172 1331 ris
201 1255 442 1350 temporibus,
490 1279 565 1331 non
597 1256 862 1354 parochialem,
903 1258 962 1332 sed
992 1256 1220 1352 collegiatam
1246 1242 1442 1363 Ecclesiam
1473 1244 1791 1353 nuncupandam

123 1371 191 1448 else
219 1371 409 1450 statuimus
442 1387 551 1473 atque
581 1375 816 1464 censendam,
842 1375 1054 1453 ordinantes
1076 1376 1316 1455 nihilominus
1342 1374 1619 1459 dirimentes,
1658 1374 1764 1473 quod

124 1494 272 1569 inantea
297 1493 481 1591 perpetuis
509 1496 641 1572 futuris
675 1498 900 1594 temporibus
935 1497 975 1572 in
1009 1497 1140 1575 eadem
1177 1494 1335 1572 Ecclesia
1364 1508 1519 1594 quatuor
1557 1494 1763 1573 adruinus

126 1612 303 1689 Personae
331 1613 485 1689 idoneae
512 1612 600 1695 inibi
633 1617 793 1694 Domino
822 1628 997 1716 perpetuo
1026 1615 1237 1700 seruiiturae,
1263 1639 1415 1715 quarum
1438 1637 1510 1692 vna
1529 1612 1764 1712 Praepositae

125 1736 163 1811 dr
187 1733 279 1809 aliae
304 1740 379 1808 tres
406 1732 585 1811 Canonici
607 1737 721 1817 dillae
744 1737 925 1815 Ecclesiae
946 1737 1155 1836 Capitulum
1186 1735 1352 1832 ejusdem
1373 1731 1553 1811 Ecclesiae
1576 1733 1766 1811 facientes

125 1853 273 1929 existere
301 1865 506 1932 teneantur.
581 1858 831 1935 Decernentes
867 1859 1007 1955 insuper
1051 1858 1277 1935 Austoritate
1316 1853 1523 1953 Apostolica
1555 1854 1763 1946 praedisla,

81 1968 84 1977 '
125 1974 222 2069 quod
250 1971 463 2069 hujusmodi
496 1977 722 2079 l‘ra'epositus
756 1980 895 2059 Curam
920 1977 1225 2078 parochianorum
1260 1975 1377 2054 uriae
1411 1971 1592 2053 Ecclefiae
1630 1994 1765 2071 gerere

126 2095 258 2173 debeat
282 2096 320 2174 di
345 2116 524 2175 exercere.

86 2426 92 2437 Ι
222 2332 291 2409 Pro
325 2332 429 2432 cujus
457 2335 635 2415 Ecclesiae
667 2336 890 2433 collegiatae
924 2336 962 2412 in
993 2336 1291 2414 Bettenbrunnen
1329 2333 1450 2413 Primo
1482 2331 1694 2433 Praeposito
1726 2332 1769 2415 dt

129 2451 292 2528 Praelato
315 2456 572 2536 venerandum
596 2459 722 2535 Viruin
746 2456 945 2533 Dominum
961 2454 1115 2557 Joanaeni
1139 2456 1250 2531 Sioder
1271 2462 1306 2533 de
1331 2453 1539 2554 oberendorff
1563 2456 1767 2555 Presbyte-

128 2594 230 2661 rum,
272 2577 310 2652 da
341 2575 580 2654 nihilominus
613 2577 845 2655 Venerabiles
873 2576 983 2650 Viros
1019 2578 1195 2649 Vdolrr'cum
1226 2580 1339 2651 diburo
1373 2578 1543 2663 Edelmon,
1568 2576 1769 2655 Ham

128 2694 241 2767 areum
263 2693 411 2785 sserkler,
443 2701 480 2775 di
504 2699 668 2773 sllicrloum
692 2699 809 2793 Myller
839 2681 1090 2790 presbyteros,
1129 2719 1191 2793 pro
1219 2696 1386 2792 ejusdem
1417 2694 1596 2772 Ecclesiae
1633 2696 1768 2795 primis

130 2813 380 2894 canonicis&
407 2818 694 2915 praebendariis,
728 2841 792 2917 per
815 2816 1018 2914 praefatum
1047 2815 1248 2890 Dominum
1277 2812 1442 2899 Alterius
1465 2818 1613 2891 wadon
1642 2816 1768 2895 norni-

130 2944 256 3018 natos,
282 2933 321 3009 in
353 2936 491 3032 primos
518 2936 724 3033 Praepofitam
740 2939 777 3014 di
800 2938 963 3012 &soncos
983 2958 1026 3010 ac
1038 2939 1272 3032 sabonarias
1293 2934 1462 3029 ejusdem
1485 2934 1670 3013 Ecclesiae
1694 2962 1765 3015 orn

126 3057 313 3150 plenitudine
336 3053 437 3153 Jaris
463 3060 607 3133 &moiri
625 3057 842 3151 deputamus
862 3055 901 3133 dr
927 3055 1231 3151 ordinamusper
1250 3054 1467 3151 praesentes.
1541 3056 1758 3133 Statueuoes

131 3172 244 3249 etiam
271 3175 309 3250 di
337 3174 549 3251 ordinantes
576 3174 781 3272 Apostolica
805 3175 1033 3252 Austoritate
1064 3174 1245 3272 praeditla
1271 3196 1342 3251 viia
1371 3173 1572 3253 conditio
1598 3174 1761 3253 Domino

132 3289 302 3377 Comlto,
325 3293 424 3390 quod
448 3293 561 3371 iidem
582 3292 807 3392 Praepofitus
824 3294 862 3371 dt
877 3293 1073 3381 Canonici,
1099 3293 1222 3390 suique
1238 3291 1276 3367 in
1297 3292 1402 3369 distis
1424 3293 1495 3371 suis
1516 3293 1768 3394 Praepositum

75 3412 78 3417 ’
135 3409 488 3491 &canonicatibus
520 3426 629 3511 atque
665 3415 897 3509 praebendis,
934 3437 978 3488 ac
1012 3411 1170 3487 Ecclefia
1201 3411 1472 3498 succelsoribus,
1515 3411 1553 3491 dc
1585 3414 1622 3489 in
1654 3428 1771 3507 antea

134 3529 318 3629 perpetuis
348 3528 481 3607 suturis
507 3533 756 3629 temporibus,
797 3534 1064 3629 repraesentent
1087 3555 1130 3606 ac
1162 3530 1282 3607 facere
1313 3532 1473 3608 debeant
1497 3543 1606 3631 atque
1636 3534 1771 3635 poffinr

136 3651 304 3749 ejusdem
335 3648 516 3725 Ecclefiae
542 3651 765 3746 Collegiatae
794 3650 833 3725 iii
863 3651 1164 3729 Bettenbrunnen
1194 3653 1376 3748 Ualgius,
1410 3651 1449 3728 dc
1473 3656 1650 3730 maara
1674 3656 1773 3751 Copi-

135 3776 252 3869 tuton,
279 3792 321 3845 ac
344 3769 382 3845 in
408 3767 621 3865 hujusmodi
646 3770 708 3845 suo
736 3768 921 3866 capitulo,
947 3790 1012 3868 pro
1036 3769 1195 3866 negotiis
1222 3768 1392 3866 ejusdem
1412 3770 1591 3849 Ecclesiae
1607 3771 1650 3848 -in
1676 3774 1772 3850 Bet·

135 3892 385 3973 tenbrunnen‚
430 3888 468 3965 de
498 3888 568 3964 suis
598 3886 837 3986 expediendis
869 3891 908 3969 da
938 3889 1107 3984 gerendis
1142 3890 1315 3969 trastatus
1344 3887 1592 3979 Communes,
1626 3894 1667 3972 dr
1695 3890 1771 3995 Jie

138 4014 259 4104 Codegii'
288 4006 328 4085 dc
347 4006 482 4103 sigium
511 4012 684 4105 capitulare
709 4007 842 4105 pariter
868 4021 977 4107 atque
1000 4008 1226 4095 Commune,
1263 4030 1307 4085 ac
1335 4011 1389 4087 vti
1414 4009 1628 4107 huiusmodi
1656 4012 1772 4113 Capi·

137 4128 243 4207 talari
268 4127 395 4224 sigillo
419 4126 479 4202 suo
508 4128 546 4204 in
580 4131 619 4207 dr
644 4150 708 4226 pro
739 4126 1004 4209 necellitati'bus
1033 4128 1073 4209 &
1107 4127 1266 4232 negotiis
1298 4127 1480 4211 Ecclesiae
1508 4130 1592 4224 suae
1622 4133 1771 4233 praecli-

139 4252 233 4338 stae,
258 4247 404 4349 quoties
430 4248 540 4327 suerit
563 4258 817 4350 opportunum.
