3742 5160
708 191 1134 299 wamma*
1665 221 1738 303 14⁵

205 388 317 466 Porro
341 388 473 465 eodem
495 388 609 465 Anno
649 387 697 462 dtr
731 408 765 479 4.
794 386 934 461 Obana
967 383 1108 485 Jimms
1137 386 1272 460 uuae
1300 384 1488 483 paciscitur
1519 408 1590 462 cun
1627 384 1743 463 oriam
1837 380 1841 389 ’

116 512 249 609 suscipi
281 510 496 610 Constudbnfi
524 508 624 606 super
658 505 834 582 solutione
867 508 1069 602 primorum
1103 507 1302 594 stusluum,
1348 519 1389 583 vt
1418 509 1552 582 docent
1581 505 1743 583 Litterae

114 629 274 730 praelatis
311 628 372 704 die
406 632 444 708 dr
484 653 582 705 anno
619 629 749 715 datae,
793 623 990 724 inquibus
1025 622 1087 699 sibi
1121 626 1339 703 satissattum
1365 626 1466 701 fuisse
1493 626 1651 723 agnoscit
1678 626 1745 704 Ot-

115 761 149 828 to
178 749 366 825 Laudatus
398 747 605 849 Episcopus.
681 746 753 823 His
786 744 910 843 postis
944 744 1132 821 manifeste
1169 745 1325 842 sequitur
1360 747 1638 828 Elsendorffium
1678 755 1744 823 an·
1838 755 1845 772 “

114 896 175 957 uo,
213 894 284 967 quo
317 869 499 959 diximus,
540 868 726 950 uniuersae
754 865 876 944 carnis
907 864 1044 946 subiisse
1070 864 1205 950 satum.
1244 862 1402 964 sepultus
1435 868 1486 945 est
1518 867 1559 944 in
1594 866 1744 967 Capella

115 991 147 1068 b
167 989 389 1066 Leonhardi.

201 1227 448 1323 Ann01398·
490 1231 506 1320 l
513 1228 699 1309 domestici
726 1225 919 1325 cujusdam
947 1225 1126 1329 scriptoris
1155 1225 1316 1305 narratio
1342 1225 1425 1323 est)
1462 1220 1615 1304 Allerrur
1640 1232 1745 1305 Comes
1838 1260 1846 1277 ⁸

115 1356 147 1427 de
181 1350 383 1441 Werdeulerg
411 1352 450 1427 di
480 1348 661 1427 Dominus
686 1349 800 1425 Casiri
825 1350 873 1424 ad
902 1350 1071 1426 Mentem
1104 1351 1296 1435 Samium,
1332 1343 1440 1443 vulgo
1464 1346 1746 1448 Hailigenberg,

115 1470 203 1548 eirca
230 1470 341 1546 linem
375 1467 483 1546 seculi
524 1470 635 1567 liujus
671 1468 862 1546 Laudabili
902 1468 990 1545 selo
1019 1468 1222 1556 animatus,
1266 1464 1469 1573 Ecclesiam.
1494 1468 1745 1551 parochialem

114 1590 148 1667 in
171 1590 493 1687 Bettenbrunnen,
518 1592 556 1669 in
585 1590 781 1668 Territorio
804 1591 887 1674 suo,
910 1611 1022 1687 prope
1047 1590 1146 1667 idem
1172 1589 1337 1665 Castrum
1371 1587 1620 1684 adjacentem,
1663 1588 1746 1666 libi·

114 1736 178 1813 que
197 1712 279 1810 jure
316 1714 533 1790 Patronatus
556 1711 776 1796 obstrislam.
809 1709 973 1808 pluribus
1005 1709 1149 1798 sundis‚
1200 1705 1363 1786 censibus
1386 1730 1429 1785 ac
1452 1711 1656 1789 redditibus
1680 1711 1747 1787 do-

113 1843 185 1911 nie
223 1834 262 1912 di
295 1853 427 1928 augere
460 1834 708 1920 constituerat,
751 1854 837 1907 euni
861 1830 898 1905 in
926 1831 1058 1916 finem,
1101 1840 1143 1907 vt
1165 1828 1359 1907 commode
1376 1828 1417 1904 iii
1441 1828 1641 1909 Ecclesiam
1660 1830 1748 1910 Col·

113 1952 280 2050 legiatam
318 1955 525 2051 promoueri
566 1954 698 2055 posset:
749 1963 967 2050 quapropter
993 1951 1107 2026 etiam
1128 1947 1345 2027 Laudabiles
1381 1949 1669 2031 Constitutiones
1708 1952 1748 2031 dc

113 2074 241 2151 statuta
264 2077 445 2172 quaedam
470 2075 646 2176 (inferius
673 2072 887 2171 alleganda)
912 2070 1092 2157 confecit,
1119 2070 1163 2147 ab
1186 2093 1260 2147 vno
1281 2068 1503 2169 Praeposito,
1532 2075 1594 2173 qui
1620 2096 1746 2152 curam

114 2194 315 2273 animarum
342 2208 501 2293 gereret,
526 2197 564 2275 ἃ
587 2194 703 2272 tribus
726 2195 773 2269 ad
801 2190 1000 2273 minimum
1023 2188 1242 2284 Canonicii',
1276 2191 1489 2296 Capitulum
1514 2193 1757 2299 facientibus,

113 2314 148 2392 in
170 2328 389 2416 perpetuum
411 2319 586 2417 deinceps
611 2315 844 2395 obseruanda.

206 2556 303 2643 Quia
332 2578 418 2633 vero
456 2556 601 2656 majori·
624 2555 852 2636 Austoritate
888 2577 953 2652 pro
984 2552 1190 2631 Intentioiie
1225 2554 1285 2631 sua
1312 2579 1405 2656 opus
1442 2555 1512 2635 esse
1554 2556 1755 2644 credebat.¹

115 2675 194 2753 ideo
237 2676 394 2752 Summo
430 2677 599 2755 Pontifici
634 2678 795 2773 Bomfaci'o
823 2676 917 2751 Nouo
947 2673 1153 2751 humillime
1198 2674 1428 2773 supplicauit,
1467 2688 1648 2777 quatenus
1676 2678 1749 2756 Ec·

115 2793 254 2872 cleliam
268 2798 529 2891 ¹Parocliialem
556 2796 861 2895 Bettrubrannrnsem
882 2795 921 2869 in
953 2794 1193 2891 Collegiatam
1223 2795 1401 2885 euehere,
1448 2820 1619 2875 necnon
1647 2799 1747 2876 Con·

95 2916 365 2994 ·llitutionesa
401 2916 433 2992 se
463 2919 667 3006 ordinatam
706 2917 742 2995 ri
765 2918 941 2991 Summae
967 2917 1006 2994 dr
1029 2914 1257 3012 Apostolicae
1289 2916 1477 3013 potestatis
1511 2919 1744 2998 Austoritate

115 3039 337 3124 ratihabere,
360 3060 403 3112 ac
424 3038 637 3115 confirmare
663 3034 933 3113 clementissime
953 3035 1173 3143 dignaretur.
1251 3035 1398 3141 Annuit
1418 3038 1592 3117 Libenter
1622 3041 1750 3117 Ponti·

116 3160 173 3236 fex
202 3159 274 3258 piis
296 3156 436 3233 Alberti
470 3157 577 3238 Votis
607 3161 644 3237 dt
674 3158 876 3235 Conatibus
906 3155 944 3232 in
978 3156 1164 3255 Rescripto
1191 3153 1342 3254 desuper
1375 3158 1463 3236 dato
1500 3183 1598 3237 anno
1644 3175 1749 3260 1398.

118 3278 288 3355 Calendis
305 3277 483 3373 Augusti,
515 3278 754 3355 pontificatus
784 3278 835 3357 sui
863 3300 960 3353 anno
983 3278 1111 3362 Nono,
1147 3276 1185 3351 iii
1210 3300 1283 3375 quo
1305 3277 1490 3379 Rescripta
1520 3282 1598 3379 poll
1625 3306 1750 3360 narra·
1844 3310 1846 3323 ·

112 3408 176 3477 'tas
204 3398 347 3477 Alberti
376 3396 534 3477 Comitis
558 3421 684 3495 preces
713 3400 898 3477 Abbatem
920 3395 1235 3492 Weingartensem
1269 3396 1453 3497 (loannes
1481 3404 1526 3479 ab
1552 3402 1758 3481 Ellendorff

119 3530 205 3597 tunc
230 3526 416 3619 praeerat)
449 3518 574 3595 omisso
597 3518 746 3594 nomine
771 3515 942 3618 Joannis.
974 3516 1012 3595 dr
1034 3518 1105 3592 sola
1128 3516 1317 3615 Dignitate
1341 3520 1540 3611 Abbatiali‚
1572 3525 1748 3624 expressa,
1840 3584 1844 3591 .

119 3639 405 3719 commissarium
442 3637 588 3735 delegat
621 3640 669 3715 ad
701 3640 815 3715 liocce
829 3634 952 3737 pium
992 3639 1030 3717 di
1067 3638 1296 3719 meritorium
1334 3665 1428 3741 opus
1470 3648 1750 3745 exequendum,

118 3762 359 3859 mandatque,
399 3760 586 3835 onerando
619 3758 766 3858 desuper
789 3755 946 3835 Abbatis
971 3758 1248 3851 conscientiam,
1297 3772 1338 3839 vt
1374 3764 1562 3860 praemissa
1584 3768 1751 3863 diligenti

120 3878 346 3985 inquisitione
367 3878 461 3971 circa
484 3879 676 3956 veritatem
711 3889 957 3964 narratorum,
1006 3880 1044 3956 dr
1067 3901 1264 3975 congruam
1293 3882 1521 3963 dotationem
1552 3886 1751 3977 Ecdeme,

121 4024 201 4077 eain
223 4024 298 4075 non
332 3998 445 4075 solum
475 3999 702 4077 Austoritate
728 3996 933 4095 Apostolica
960 3997 999 4072 iii
1023 3996 1265 4094 Collegiatam
1288 4003 1420 4099 erigat,
1445 4005 1483 4082 bc
1503 4028 1569 4105 pio
1597 4008 1661 4084 tali
1688 4011 1753 4085 de·

121 4119 244 4219 inceps
270 4130 445 4217 perpetuo
469 4118 675 4195 habendam
691 4121 882 4205 decernat,
910 4116 970 4193 sed
992 4116 1106 4196 etiam
1128 4118 1318 4200 statuta&
1341 4122 1413 4201 alia
1440 4125 1511 4207 rite
1533 4127 1579 4205 ab
1600 4128 1753 4209 Alberto
1814 4220 1820 4229 ,

122 4240 285 4317 ordinata
311 4260 375 4335 per
402 4240 559 4316 eandem
586 4239 800 4337 potestatem
823 4239 1031 4317 confirmer

212 4478 399 4556 Addendo
414 4478 617 4555 Clausulam
638 4480 874 4580 suppletiuam
889 4482 1097 4561 desesluum
1122 4478 1146 4555 li
1170 4480 1233 4581 qui
1257 4482 1351 4561 sorte
1372 4484 1616 4585 subrepserint.
1665 4489 1756 4569 Biil·

122 4596 156 4677 la
181 4598 373 4679 Ponuficia
408 4600 447 4675 in
474 4599 665 4697 Originali,
705 4601 832 4701 Sigillo
860 4603 1053 4704 plumbeo,
1089 4625 1154 4704 pro
1178 4626 1299 4720 more,
1340 4605 1452 4683 elilo
1487 4608 1637 4711 canopis
1668 4632 1757 4708 pen·

1024 4724 1057 4801 Τ
1634 4730 1758 4824 dente,
