3736 5160
115 226 191 315 374
718 218 1139 315 omma*

119 418 177 489 25.
205 396 368 474 Ollobris
403 397 564 474 Litterae
592 396 638 475 ab
664 392 875 499 liliatum,
902 402 951 500 d)
981 399 1108 477 Coruin
1138 396 1179 473 de
1207 390 1327 474 Purlio
1356 390 1506 475 Nuntio
1535 393 1746 494 Apvolim

120 517 260 614 accepit
285 519 395 613 hujus
425 518 587 594 tenoris:
638 521 886 606 „Admodum
910 520 1127 595 Reuerende
1151 514 1328 594 Domine!
1368 516 1536 593 Occurrit
1562 516 1672 593 nobis
1701 538 1746 592 ex

87 648 95 663 ⁸
119 634 343 734 „improuiso
365 638 554 733 negotium
578 638 722 735 aliquod
749 637 1005 715 considerabile
1036 636 1289 714 Domiuationi
1312 636 1449 714 vellrae
1471 637 1745 712 communicau-

120 756 249 840 „dum
322 759 442 842 Quare
468 780 552 834 cum
577 758 614 832 in
638 757 769 833 itinere
795 757 928 844 timna,
972 759 1009 836 dt
1035 776 1108 832 non
1133 778 1248 854 usque
1271 757 1370 831 adeo
1387 754 1541 831 multtun
1569 779 1592 829 a
1619 756 1742 832 lllona·

1 860 3 867 ’
119 874 253 960 „llerio
279 877 392 953 rellro
414 877 604 962 distemus,
642 876 834 953 statuimus
860 877 930 953 iter
954 878 1112 953 nollrum
1146 899 1191 950 eo
1210 875 1322 950 modo
1351 872 1550 960 instituere,
1593 888 1637 951 vt
1669 835 1743 950 du

118 990 209 1079 „sub
240 996 425 1095 vesperam
455 997 705 1073 nominationi
738 997 892 1082 vestrae,
934 1018 999 1094 per
1033 994 1103 1071 uei
1135 993 1290 1090 gratiano
1320 994 1436 1069 adeffe
1466 993 1648 1091 poffimus.
1703 993 1739 1068 lu

118 1136 256 1209 „quam
281 1114 494 1192 sententiam
521 1138 568 1190 eo
598 1118 739 1196 facilius
760 1114 915 1206 ierimus,
958 1138 1031 1215 que
1057 1115 1174 1209 magis
1198 1112 1421 1190 credidimus
1443 1112 1740 1190 Domioationenr·

117 1233 308 1320 „vellram-
331 1234 514 1311 vindemia
525 1238 561 1328 ,Ῐξ
582 1236 735 1336 aliisque
756 1236 913 1331 negotiis
943 1233 1170 1329 grauioribus
1200 1233 1380 1331 occupari.
1442 1229 1480 1307 A
1504 1227 1640 1329 qurum
1663 1246 1732 1309 tur·

118 1360 233 1439 „tum
247 1355 374 1443 abest,
412 1357 510 1453 quod
541 1354 656 1453 ipsum
691 1354 836 1431 auocati
870 1353 1130 1439 voluerimuas
1156 1364 1198 1429 vt
1227 1352 1341 1427 otiam
1371 1346 1579 1448 puratillimi
1612 1351 1729 1437 simut,

118 1469 260 1567 „ipsam
288 1471 325 1547 in
351 1474 555 1551 commodis
581 1474 652 1548 suis
673 1474 930 1571 promouendis
952 1475 1090 1569 iuuare.
1140 1472 1199 1549 De
1221 1473 1291 1547 hac
1317 1471 1436 1548 nostra
1457 1492 1548 1566 erga
1568 1470 1725 1548 Domina·

117 1588 288 1680 „tionem
316 1592 467 1669 vestram
496 1592 781 1691 promptitudine
807 1596 844 1671 dr
870 1590 1154 1677 Beneuolentia,
1195 1602 1235 1669 vt
1259 1591 1369 1689 ipsam
1395 1589 1610 1689 neutiquam
1641 1592 1710 1668 dub'

117 1702 228 1799 „tare
247 1710 501 1802 eonfidlmor,
546 1712 599 1789 ita
629 1708 742 1789 etiam
771 1713 954 1811 speramus
982 1711 1140 1811 aliquam
1165 1712 1271 1788 nobis
1302 1711 1525 1787 occasionem
1559 1708 1718 1797 dandum,

116 1850 187 1925 qua
211 1830 373 1909 animum
400 1832 558 1909 nostrum
582 1833 963 1932 declararepollimua.
1011 1831 1159 1907 Interim
1187 1829 1399 1906 Dominatio
1423 1829 1539 1933 vellra
1562 1832 1657 1909 retle
1673 1852 1717 1908 ru·

118 2000 143 2037 „
152 1948 228 2024 leat
249 1962 322 2027 eto
384 1950 523 2030 Datum
545 1952 584 2029 in
609 1952 814 2053 Zimuriogo
840 1976 896 2048 25.
921 1951 1085 2029 octobris
1113 1970 1218 2049 1594.
1294 1951 1506 2027 Admodum
1529 1946 1578 2027 R.
1599 1946 1645 2029 D.
1671 1970 1715 2033 re

118 2068 242 2154 „urae
266 2073 313 2147 ad
338 2074 530 2149 commoda
554 2072 795 2172 paratiffimua
818 2072 1040 2172 Hieronymo
1085 2070 1199 2148 Comes
1221 2066 1263 2149 Ρ.
1289 2068 1402 2149 Nunc.
1426 2069 1547 2170 Apol.

214 2304 381 2386 Nunnius
417 2312 480 2389 rix
512 2328 561 2386 ex
591 2310 720 2390 Vineia
750 2311 885 2402 radlit,
922 2332 1035 2412 quum
1068 2308 1161 2392 allae
1185 2312 1231 2394 ab
1255 2307 1388 2388 eodem
1413 2306 1708 2410 adferebantur)

115 2426 297 2520 Litterae,
330 2429 392 2505 iaie
415 2442 611 2528 conceptae
635 2431 772 2509 verbis:
818 2478 841 2519 ,r
852 2430 1065 2510 Admodum
1090 2434 1304 2509 Reuerende
1334 2431 1516 2509 Domine!
1558 2436 1637 2523 „Vt
1652 2444 1711 2509 tu·

117 2547 233 2636 „dem
274 2570 425 2627 manum
459 2551 506 2626 ad
538 2549 725 2645 negotium
758 2550 963 2627 ldonasterii
997 2551 1035 2630 S.
1077 2552 1173 2629 Galli
1207 2555 1488 2639 admoneamus,
1531 2557 1569 2633 dr
1592 2547 1708 2630 Summi

119 2668 342 2753 „Pontificio
360 2656 543 2745 ¹mandata
579 2652 779 2767 postolare.
808 2670 858 2747 ¹&
886 2672 1062 2769 temporis
1092 2670 1414 2768 ngat-··oecallo.···
1447 2668 1609 2771 Expetiti
1635 2672 1710 2749 enlm

118 2786 236 2872 „hinc
258 2788 333 2883 jam
359 2808 433 2865 non
458 2790 554 2864 adeo
577 2790 786 2885 vrgeorinus
801 2790 1106 2887 occupationibus
1129 2790 1355 2883 detinemur.
1401 2808 1499 2889 quae
1522 2811 1593 2870 uua
1616 2804 1711 2870 auu

117 2908 314 3003 aprolicuo
333 2932 441 3005 opere
462 2932 529 3006 pro
549 2908 713 3007 tempore
735 2911 906 2986 remorari
930 2912 1066 3008 pofflnt.
1145 2911 1208 2988 Ad
1232 2908 1335 3005 eujus
1360 2904 1558 2991 faciliorem
1583 2934 1713 2992 minuo·

118 3008 365 3127 „dioremque
388 3029 658 3126 expeditionem
681 3052 764 3104 cnm
791 3024 1061 3107 [luminationis
1083 3030 1219 3108 restrae
1242 3031 1389 3106 consilio
1412 3035 1449 3110 dr
1475 3030 1656 3111 effitientia
1671 3033 1710 3106 iu·

120 3144 276 3240 „digere
307 3148 517 3232 videamur,
554 3148 665 3245 ipsam
699 3160 861 3243 rogatam
895 3150 1067 3236 velimus,
1108 3160 1150 3229 rt
1184 3150 1300 3247 primu
1330 3152 1599 3249 opportunitate
1631 3149 1712 3230 lead

120 3266 325 3352 „Sentium
359 3268 504 3345 Gallum
537 3269 683 3345 contere
713 3286 787 3343 non
811 3281 1000 3364 grauetur,
1039 3266 1100 3346 vbi
1134 3292 1204 3347 uos
1234 3269 1292 3345 die
1328 3286 1386 3369 24.
1415 3264 1546 3368 hujut,
1593 3284 1651 3351 aut
1671 3292 1712 3365 rs·

120 3384 329 3469 „affuturos
344 3388 538 3482 speramur.
587 3374 734 3464 luterlm
760 3386 805 3464 D.
832 3388 943 3467 vestra
957 3392 1053 3468 retae
1076 3389 1214 3473 valeat.
1241 3392 1279 3468 dr
1302 3390 1421 3467 Deum
1447 3404 1521 3488 opt
1542 3396 1640 3473 max.
1659 3394 1712 3470 luo·

120 3528 232 3591 „rum
258 3504 494 3582 Conliliorom
527 3530 570 3581 ac
594 3498 756 3583 laborum
783 3508 1106 3588 Remuneratorem
1134 3508 1380 3606 Largiffimuur
1415 3510 1453 3587 dr
1476 3512 1710 3593 Sautliffinnn

122 3624 351 3711 „Dominum
369 3627 527 3702 nostrum
550 3629 761 3705 eorumdem
783 3628 1035 3707 immemorem
1052 3634 1206 3731 sutorum
1231 3631 1337 3706 nobis
1360 3632 1493 3707 credat.
1552 3630 1706 3711 Datouiu

121 3792 143 3831 ‚‚
157 3743 326 3861 Velfircl
350 3746 442 3821 xxi.
468 3744 626 3845 Jmnaril
652 3743 737 3823 mu.
757 3746 870 3826 XCV,
943 3751 1155 3828 Admodum
1180 3749 1226 3829 R.
1250 3750 1296 3828 D.
1320 3749 1456 3831 vestrae
1480 3744 1705 3834 adcommoda

120 3864 383 3962 „paratillimua
408 3858 660 3965 Hieronymo·
685 3866 728 3943 C.
754 3866 898 3975 Portiae
921 3866 969 3947 m
992 3868 1042 3951 A.

215 4098 400 4184 consertis
422 4100 486 4184 tiit
508 4094 607 4181 hisee
639 4096 675 4185 id
702 4100 742 4185 S«
772 4096 875 4184 (iulio
906 4103 1090 4206 Negotiis,
1129 4102 1296 4192 Nuntius
1328 4101 1366 4190 in
1391 4102 1608 4218 Hungdr‘r‘um
1636 4104 1715 4217 pluit

119 4220 202 4305 uisci
226 4224 352 4317 iulius,
398 4225 487 4301 alias
520 4221 742 4315 Rutisbonde,
781 4228 870 4302 alias
899 4229 1052 4320 Graecir',
1089 4254 1226 4333 easque
1259 4232 1445 4311 mediante
1467 4228 1573 4342 julio
1597 4236 1716 4337 Poscit·

119 4352 203 4449 cenfi
222 4348 275 4423 ad
298 4344 479 4425 Abbatem
512 4346 669 4423 nostrum
695 4349 893 4425 nanrmifit
920 4350 1079 4429 Litteras
1103 4353 1155 4448 ἱ).
1218 4345 1433 4431 Posteriores
1462 4354 1574 4453 hujus
1605 4349 1718 4435 tenoris

119 4481 244 4545 erant:
290 4462 394 4555 „Vix
421 4468 566 4554 credat,
603 4488 716 4567 quam
744 4468 860 4547 multa
888 4471 1066 4571 oportuit,
1117 4484 1228 4574 atque
1265 4474 1384 4585 adlruc
1413 4488 1582 4577 oporteat
1619 4488 1720 4556 naut

1259 4628 1262 4633 '
1633 4614 1722 4690 „mer

161 4708 303 4835 Allan.
323 4728 376 4798 29.
390 4710 449 4801 sol.
463 4726 538 4803 294.
620 4700 920 4808 e)1ls‘d.fol,305.
1007 4638 1149 4800 Aron.
1167 4701 1271 4807 Asd-
1290 4730 1368 4843 494*Ι
