3736 5160
128 225 203 311 sor
512 334 514 338 .
729 208 1152 304 emmer

305 400 309 411 ·
379 353 921 501 suaserrs'uus
975 410 1216 497 naurs
1273 410 1502 497 xxxvi:
1663 490 1669 497 .

139 674 158 703 ,,
225 594 455 676 Sebastianus
478 592 594 671 Hiller
607 590 806 699 Julionmgi
826 594 887 671 leu
909 592 1151 691 Psalleadorffii
1167 590 1212 667 'in
1237 591 1375 669 Sueuia
1400 606 1508 671 natus
1532 616 1634 669 annu
1649 594 1747 692 rubr.

131 715 279 820 erem.
309 713 485 793 Professus
517 737 614 789 annu
646 722 752 807 rots-
786 738 817 790 1.
852 711 999 812 Aprilis.
1068 710 1254 788 Primitiae
1282 711 1481 791 celebrauit
1514 739 1614 791 aune
1650 719 1749 803 uber·

133 861 189 933 ¹4
215 835 356 913 Oslobr.
425 834 603 911 Primitus
633 832 728 908 lein
756 834 928 910 cathedra
958 830 1231 929 Philosophum,
1269 832 1308 907 iu
1340 832 1463 923 culina
1491 842 1750 921 oeconomum,

128 957 168 1031 in
201 954 394 1032 Nouitiatu
433 952 642 1047 Magistrum
683 953 848 1051 probauit
879 953 1070 1029 eximium,
1140 950 1400 1048 Salisburgenli
1433 952 1472 1027 in
1512 952 1749 1030 Vniuersrtate

128 1071 377 1168 Philosophiae
402 1070 633 1147 professorem
659 1095 765 1168 agere
789 1073 877 1148 dum
900 1072 939 1149 iu
963 1071 1146 1169 procintlu
1167 1083 1265 1156 erat,
1309 1070 1391 1148 Deo
1414 1070 1517 1148 aliter
1538 1072 1750 1172 disponente

129 1193 168 1271 iu
196 1193 323 1273 Vincis
350 1193 474 1269 Abbas
496 1190 565 1267 elie
584 1189 699 1288 jussus
721 1191 772 1268 est
800 1193 917 1269 Anao
941 1200 1045 1290 1692.
1072 1214 1132 1269 au
1154 1191 1268 1291 Junii-

27 1554 36 1573 ,
221 1473 309 1556 Qua
324 1472 361 1549 in
386 1475 458 1549 lroe
479 1470 677 1567 Dignitatis
691 1472 830 1570 saltigm
847 1471 1072 1560 humifitate,
1099 1494 1172 1571 qua
1190 1430 1437 1569 prudentissi
1449 1470 1748 1572 discretioneque

126 1593 349 1692 experientia
366 1616 486 1670 rerum
501 1614 586 1667 etun
609 1595 859 1690 temporalium
883 1603 964 1667 rum
985 1591 1236 1688 spiritualiumr
1261 1613 1336 1689 qua
1349 1592 1483 1689 pietate
1505 1596 1544 1670 dr
1560 1590 1749 1688 Religioae

3 1708 11 1715 ’
125 1714 163 1789 in
181 1710 302 1787 Deum
317 1709 468 1808 ejusque
491 1714 739 1809 promouendo
759 1714 878 1796 culta,
905 1735 977 1808 qua
997 1709 1272 1786 dexteritatem
1295 1712 1440 1786 tuendis
1461 1712 1676 1787 monasterii
1691 1712 1750 1811 Ju·

125 1833 224 1910 ribus
242 1828 431 1916 effulserit,
459 1852 528 1905 nec
543 1831 705 1906 calamus
721 1820 790 1906 uec
805 1832 931 1925 lingua
949 1829 1032 1907 satls
1053 1830 1258 1926 exprimere
1271 1829 1402 1906 valent.
1453 1830 1747 1909 Grauiffimorum

126 1950 300 2029 bellorum
320 1949 537 2026 tumultibus
555 1948 804 2045 ingruentibus
828 1974 902 2025 nen
920 1949 1027 2024 semel
1047 1951 1168 2045 sugere
1182 1951 1349 2031 conum,
1375 1971 1427 2023 ue
1443 1962 1614 2025 extrema
1626 1974 1746 2027 mona

125 2069 271 2145 llerium
294 2080 495 2166 pateretur,
536 2068 722 2163 ingentem
738 2069 817 2145 auri
838 2070 918 2145 vim
935 2071 1140 2166 expendere
1163 2071 1201 2146 dr
1223 2058 1439 2163 monadem
1465 2069 1508 2143 in·
1526 2068 1672 2147 nolimu
1688 2073 1748 2147 de·

123 2189 215 2269 tuit
253 2187 376 2263 Postea
395 2201 518 2264 minen
534 2187 733 2265 Dominum
749 2189 786 2264 iu
802 2186 1022 2264 Broclrenarll
1038 2188 1179 2285 magnis
1196 2189 1393 2287 sumptibus
1413 2192 1662 2295 comparauit:
1692 2213 1746 2265 ae·

125 2306 247 2382 dificia
278 2306 636 2392 romulianam,
681 2306 719 2385 dr
742 2308 860 2384 multa
890 2310 937 2384 de
973 2331 1072 2383 nouo
1095 2306 1261 2385 funditus
1296 2302 1490 2411 exstruxit:
1526 2308 1637 2386 iuter
1659 2334 1745 2409 quae

123 2424 309 2501 Prioratus
334 2424 509 2525 Hosenfis,
548 2438 634 2502 ante
659 2426 848 2522 ingressum
873 2427 1075 2523 Regiminis
1098 2430 1229 2526 exigua
1247 2440 1352 2527 parte
1375 2429 1565 2524 inceptus,
1598 2432 1747 2508 durante

124 2545 237 2622 etiam
264 2544 357 2619 bello
382 2542 508 2637 gallico
533 2548 576 2620 ab
605 2546 679 2640 ipso
705 2546 881 2621 absolutus
906 2547 993 2633 fuit,
1037 2544 1077 2626 dc
1106 2546 1264 2623 nouellia
1292 2540 1433 2643 plantis'
1458 2538 1621 2625 consitus
1653 2575 1745 2626 annu

128 2687 230 2762 1702.
263 2662 301 2740 ia
327 2661 425 2739 selio-
446 2662 486 2738 Sa
511 2664 706 2749 studreae.¹
757 2664 976 2762 Praeprlmis
1006 2689 1092 2745 vero
1115 2668 1237 2746 nostra
1256 2666 1451 2762 magnilica
1470 2667 1637 2745 lindesia
1665 2671 1745 2747 lauit

123 2781 400 2880 praeclariffirue
429 2782 565 2859 Abbati
589 2795 710 2860 ortum
744 2785 845 2865 suum
869 2787 1158 2884 ”splendorem
1182 2789 1312 2875 debet,
1347 2810 1458 2883 quam
1482 2811 1506 2863 e
1530 2787 1745 2867 fimdameu·

124 2902 177 2977 tis
197 2900 376 2976 exstruere
400 2901 572 2978 maximis
597 2902 794 2998 sumptibus
828 2930 901 2981 nou
927 2920 1071 2983 tantum
1094 2907 1275 3003 incoepit,
1314 2904 1375 2981 led
1398 2909 1435 2985 dr
1459 2906 1618 2985 feliciter
1642 2909 1744 2987 absolu

122 3019 187 3099 uit.
236 3017 389 3116 Templa·
407 3043 551 3118 quoque
581 3021 802 3123 Thuringcnft
833 3025 869 3097 in
896 3024 1123 3120 Blumenegg
1147 3028 1185 3105 dt
1210 3022 1449 3124 Krumbacmse
1472 3027 1533 3101 sub
1561 3027 1673 3124 ipius
1693 3054 1742 3107 re·

121 3138 260 3235 gimina
283 3136 460 3217 exstrutla
487 3140 591 3217 fuere·
618 3141 822 3217 monasterii
847 3142 1036 3238 imperilia:
1079 3148 1116 3221 ts
1148 3144 1190 3218 ni
1212 3157 1334 3220 morte·
1360 3145 1476 3221 seiliet
1506 3162 1743 3242 praeuentus,

122 3257 328 3335 aedilicium
350 3280 494 3354 queque
510 3258 690 3355 reliquum
715 3260 920 3336 Monasterii
945 3261 1143 3349 exeitallet,
1182 3264 1286 3358 euius
1306 3260 1426 3361 aliqua
1449 3280 1553 3361 parte
1572 3267 1649 3362 jam
1671 3268 1741 3344 litu·

122 3380 297 3455 damenta
327 3376 474 3472 jecerat¹
533 3376 629 3472 Ejus
657 3379 886 3476 praecipuam
916 3381 954 3456 in
987 3381 1129 3477 mendo
1161 3372 1415 3459 dexteritatem
1447 3385 1739 3465 Reuerendillirni

120 3497 286 3576 abbates
310 3494 435 3569 circuli
463 3493 598 3571 lueuiei
620 3499 712 3573 adeo
737 3497 898 3575 venerati
921 3499 1021 3587 sunt,
1052 3514 1092 3578 vt
1116 3502 1253 3577 nedum
1278 3524 1364 3578 eum
1386 3502 1426 3578 iu
1452 3503 1665 3583 Dirrslerom
1686 3506 1738 3584 libi

120 3615 312 3711 elegerint,
352 3614 415 3689 lud
446 3616 482 3691 dr
514 3614 722 3714 plerumque
753 3618 834 3712 ejus
856 3617 998 3692 coasilia
1026 3619 1095 3695 smt
1124 3619 1335 3716 amplexati.
1391 3620 1606 3722 Praefidioor
1632 3628 1738 3703 almae

121 3732 409 3830 congregationis
434 3731 574 3809 nostrae
596 3736 698 3829 gelsrt
719 3736 813 3813 vltra
836 3760 957 3814 annos·
981 3745 1035 3815 rb.
1059 3739 1198 3834 saepius
1222 3740 1259 3812 iu
1284 3762 1330 3813 eo
1354 3742 1607 3821 confirmatus.
1661 3749 1736 3846 lura

119 3852 328 3936 monasterii
350 3865 480 3929 eontra
499 3853 706 3951 frequentes
736 3855 889 3931 insultus
910 3856 1110 3935 vicinorum
1135 3857 1415 3936 aduersariorum
1440 3864 1666 3942 dexterrime
1687 3879 1734 3942 tu·

50 3962 70 3997 ’·
119 3987 220 4051 tatus
244 3973 304 4048 eli„
350 3974 577 4069 l’auperumr
598 3994 724 4049 eorum
750 3974 910 4052 maxime
934 3978 995 4071 qui
1020 3975 1146 4073 stipem
1164 3996 1291 4070 rogare
1309 3980 1439 4076 pudori
1458 3979 1522 4059 sibi
1545 3986 1736 4073 ducebant,

118 4095 260 4176 santur.
299 4092 378 4168 imo
407 4094 516 4168 Pater
540 4091 748 4186 largilsrmus
775 4092 854 4168 fuit.
910 4094 951 4169 lrr
976 4095 1076 4171 omni
1103 4096 1177 4171 rita
1199 4094 1260 4170 lua
1284 4096 1403 4174 suauis
1426 4101 1591 4179 moribus
1615 4105 1655 4181 dr
1674 4104 1733 4181 mi·

117 4238 158 4290 re
184 4211 348 4289 affabilis.
412 4210 487 4307 lpse
508 4211 672 4287 omnium
707 4233 830 4288 amore
864 4214 1012 4309 dignus,
1054 4214 1135 4312 plus
1159 4228 1303 4315 quoque
1335 4219 1449 4293 amari
1478 4243 1593 4318 quam
1623 4220 1731 4300 timeri

118 4334 264 4411 lluduit.
332 4322 489 4428 denique
517 4326 594 4427 post
624 4334 787 4408 exustam
815 4331 928 4409 eitam
961 4331 1107 4411 cumulo
1140 4336 1351 4411 meritorum
1385 4336 1578 4429 refertam,
1617 4341 1730 4419 calculi

117 4453 318 4536 doloribus,
356 4449 485 4547 quibua
518 4448 646 4553 multis
674 4452 780 4526 annis
805 4449 997 4537 laborauit.
1039 4452 1252 4551 suppressus,
1279 4455 1333 4531 ,ἃ
1362 4458 1513 4536 tandem
1539 4462 1728 4562 Apopleria

118 4576 235 4651 ratius
260 4570 401 4668 superos
434 4569 559 4666 petiit.
602 4572 811 4651 mercedem
840 4571 925 4650 boui
955 4571 1109 4650 Pastoris
1141 4587 1376 4673 percepturus
1408 4590 1598 4662 aeternam
1629 4585 1724 4660 Auno

1636 4727 1721 4802 1730·
