3736 5160
208 218 256 294 sa
813 200 1232 317 empore

180 458 183 463 .
211 381 259 459 ad
285 401 421 458 annum
449 400 564 479 usque
596 393 696 477 ¹¹38·
728 381 853 480 itaque
878 380 1065 457 Amoldus
1087 391 1174 456 ante
1198 378 1350 456 Annum
1383 396 1487 471 ¹139·
1539 375 1655 475 simae
1667 374 1838 470 regimen

210 525 283 579 non
313 501 413 578 adiit.
488 501 543 576 At
563 500 664 575 nulia
696 500 747 577 est
771 500 864 577 haec
886 500 1145 598 consequutior
1182 496 1351 577 etenim
1375 495 1452 591 jam
1480 494 1577 579 diri,
1623 494 1837 572 Gottsridua

207 626 313 697 clebus
339 630 483 697 tantum
503 632 582 696 erat
604 620 642 695 iu
668 618 868 707 Abbatemr
900 632 939 696 at
962 619 1208 696 Proesusatum
1230 638 1429 716 numquam
1449 613 1563 702 adiit,
1597 614 1743 689 Hirmr'cr
1767 616 1836 688 Su·

202 744 294 839 perso
318 741 356 817 id
382 738 619 838 prohibente,
658 742 702 825 δ’
724 750 842 834 cogente
877 750 917 817 vt
942 737 1129 815 Arnosdus
1160 735 1337 817 Zwisuids
1367 735 1414 810 ad
1435 732 1671 828 Weingarten
1705 732 1834 809 Abbas

206 857 379 936 transnet
428 858 553 957 Itaque
576 882 659 935 mea
682 859 852 956 opinione
879 860 988 936 Anno
1011 854 1141 937 Secusi'
1158 856 1237 934 XII.
1268 854 1447 949 trigesimo
1477 851 1587 929 tertio
1614 852 1670 928 vei
1698 864 1834 951 quarto

64 990 66 995 ’
205 980 289 1055 heic
309 978 385 1077 jam
415 977 580 1076 praefuit.
661 978 951 1056 commendatur
982 978 1082 1055 enim
1112 1000 1134 1053 a
1164 974 1427 1071 Catalographo
1455 970 1592 1060 nostro,
1634 973 1731 1068 quod
1753 996 1832 1050 non

205 1099 314 1175 suerit
339 1109 483 1175 tanturn
506 1090 645 1195 egregius
666 1099 848 1189 cmlirutscr
873 1101 1044 1173 Sucronem
1067 1097 1322 1192 &Lignorum
1347 1095 1633 1192 Monumentum,
1649 1094 1707 1190 ses
1727 1099 1833 1186 mgb

199 1236 257 1317 prr
258 1222 401 1317 tsosormr
429 1221 589 1294 Virtutem
611 1225 646 1294 in
670 1221 848 1293 commu.
898 1216 940 1292 si
962 1231 1086 1291 autem
1110 1238 1207 1291 anno
1227 1237 1300 1291 vno
1319 1214 1376 1291 ves
1395 1213 1509 1289 altero
1530 1224 1675 1289 tantum
1692 1233 1833 1291 munus

205 1337 434 1414 Praesaturae
456 1310 744 1425 administrasset,
777 1335 985 1414 aedificium
1006 1336 1069 1413 vix
1093 1335 1204 1413 ulium
1236 1334 1355 1411 moliri
1377 1332 1538 1409 valuisset
1569 1332 1665 1406 circa
1689 1355 1829 1408 annum

206 1479 291 1535 vero
318 1480 419 1553 1140.
449 1454 600 1552 ipsum
584 1477 661 1551 pam
685 1456 878 1540 deceffisie,
917 1478 1005 1531 mox
1028 1455 1214 1538 clarescet,
1248 1454 1338 1530 obiit
1366 1453 1426 1530 die
1461 1466 1515 1534 18
1546 1450 1730 1533 Octobris.
1770 1450 1829 1529 seu

203 1576 282 1657 XV
304 1574 489 1653 Kalendas
511 1574 740 1652 Nouembris
767 1575 926 1673 Vtroque
946 1573 1161 1669 Necrosogio
1179 1573 1409 1651 Zwisuldensr
1424 1573 1462 1649 δι
1481 1570 1601 1647 nostro
1616 1552 1778 1649 testibus.

152 1707 167 1719 ⁶
299 1766 333 1818 2.
355 1738 463 1815 Circa
481 1739 572 1815 haec
592 1750 755 1837 tempora
778 1752 1025 1819 memorantur
1050 1739 1090 1813 in
1103 1736 1249 1815 Codice
1271 1737 1510 1815 traditionum
1537 1737 1741 1813 Hermam
1761 1738 1826 1815 Ds-

121 1942 127 1953 „
201 1884 259 1937 ors
281 1860 439 1937 seruiens
466 1858 608 1934 Heinrscr'
642 1860 768 1936 Fratris
797 1859 947 1965 Wessmr’s
984 1861 1087 1936 Duce
1121 1883 1205 1935 curn
1242 1861 1341 1934 onrr
1369 1858 1558 1953 srdtgordo.
1637 1854 1823 1935 erbemr

201 1979 359 2059 senciens
390 1976 539 2072 Wescnss
565 1978 788 2067 Drctsdedit
807 1981 1014 2078 praedium,
1039 1981 1138 2077 quod
1163 1977 1293 2055 habuit
1311 1977 1349 2056 in
1381 1981 1545 2077 Vrmgomr
1569 1980 1608 2056 in
1630 1977 1733 2069 ioco,
1759 1978 1817 2081 pei

77 2190 83 2200 ,
201 2098 336 2181 dicitur
357 2100 456 2186 Seu,
479 2096 644 2175 concessu
665 2098 832 2198 ejusdem
855 2099 1006 2181 Domini
1028 2097 1091 2175 sui.

538 2338 1013 2428 GEBHARDVS
1068 2338 1300 2428 ABBAS
1357 2340 1476 2426 vlt.

299 2547 333 2601 ι.
355 2520 459 2599 Inani
492 2522 668 2621 Scrupulo
703 2533 877 2601 vexatum
912 2523 982 2599 esse
1010 2522 1217 2620 scriptorem
1248 2517 1412 2627 Catasogi
1448 2520 1574 2607 nostri,
1611 2532 1735 2601 rtrum
1762 2522 1823 2599 bic

199 2636 395 2725 cotthardus
413 2643 613 2720 Abbatibus
634 2643 761 2719 nostris
785 2643 871 2719 esset
891 2639 1160 2718 accensendus?
1181 2639 1302 2715 elucet
1322 2640 1473 2724 exinde,
1500 2644 1596 2737 quod
1617 2642 1821 2720 etiamnum

197 2760 238 2838 in
256 2759 433 2838 Archiuio
452 2763 570 2838 nostro
589 2763 698 2838 Busia
715 2761 916 2838 Innocentis
937 2762 979 2837 11.
1001 2766 1207 2839 adseruatur
1229 2758 1392 2835 adhunc
1415 2761 1597 2838 Abbatem
1616 2763 1703 2839 data
1725 2787 1821 2839 anuo

199 2904 305 2979 ¹143·
335 2904 383 2957 ex
406 2904 478 2982 qua
499 2883 597 2959 Nota
620 2879 884 2978 Chronoiogica
909 2881 1051 2979 insuper
1070 2880 1227 2980 sequitur
1257 2876 1369 2976 ipsum
1401 2878 1496 2955 circa
1523 2904 1660 2959 anuum
1696 2884 1820 2962 saitem

199 3024 306 3099 1141.
331 2999 518 3096 regiminis
542 3000 688 3079 initium
714 3001 851 3085 secisse,
875 3023 988 3099 quum
1002 3014 1165 3097 tempore
1183 3021 1276 3096 opus
1298 2995 1410 3072 suerit
1428 3000 1584 3078 Romam
1607 3003 1821 3099 perscribere

197 3117 343 3196 &inde
368 3118 656 3196 confirmationis
676 3119 824 3197 Bussarn
846 3120 1026 3217 accipere,
1048 3142 1097 3194 ne
1119 3130 1243 3194 autem
1265 3115 1408 3193 fumum
1430 3119 1656 3199 diuenditare
1676 3124 1817 3212 videar.

130 3280 136 3289 .
195 3237 304 3336 ipsius
326 3238 456 3315 Bullae
481 3238 629 3315 initium
647 3238 685 3316 dr
707 3237 820 3318 tinem
843 3238 926 3316 heic
954 3240 1081 3315 insero.
1126 3234 1248 3332 Hujus
1268 3235 1319 3313 est
1339 3240 1496 3315 tenoris:

289 3424 526 3501 Innocentius
555 3422 751 3523 Episcopus
780 3424 917 3502 Seruus
950 3427 1148 3504 Seruorum
1170 3382 1252 3498 'uei
1285 3422 1425 3501 disesiis
1464 3424 1565 3503 Fisiis
1599 3428 1814 3509 Gebehardo

192 3544 330 3624 Abbati
354 3543 568 3623 venerabilis
588 3542 794 3620 monasterii
814 3543 1096 3641 Winegartensrs
1120 3543 1271 3643 ejusque
1293 3541 1477 3624 Fratribus
1495 3560 1573 3629 tam
1594 3550 1817 3648 presentibus

192 3686 306 3767 quam
328 3662 462 3739 sumtis
489 3661 693 3760 regularem
712 3661 826 3741 vitam
852 3662 1009 3762 professis
1035 3663 1071 3742 in
1093 3675 1318 3763 perpetuum.

288 3848 475 3948 Religiosis
499 3845 685 3925 desideriis
705 3848 854 3945 dignum
884 3849 935 3926 est
957 3850 1099 3927 sacisem
1126 3854 1273 3948 prebere
1293 3854 1523 3940 consensum,
1568 3866 1609 3935 vt
1633 3854 1816 3941 Fidesium

190 3969 342 4049 deuotio
370 3970 526 4047 ceserem
555 3966 722 4044 sortiatur
742 3968 927 4057 effessum,
949 3970 1100 4065 proinde
1123 3971 1243 4049 diletti
1269 3972 1306 4047 in
1328 3974 1479 4052 domino
1501 3975 1566 4053 iiiii
1593 3977 1717 4054 restris
1751 4004 1816 4079 po-

26 4090 32 4109 '
189 4090 441 4169 dolationibus
461 4100 606 4185 gratum
626 4084 878 4187 impartientes
898 4090 1089 4178 assensum,
1112 4092 1315 4190 praefatum
1336 4096 1608 4181 monasterium,
1633 4101 1731 4196 quod
1757 4102 1816 4179 ni·

31 4288 41 4295 .
188 4213 325 4291 mirum
363 4211 408 4287 ab
437 4206 560 4284 illustri
587 4207 667 4283 viro
693 4207 789 4285 bone
816 4212 1077 4289 recordationis
1122 4213 1270 4309 Gursfmr
1302 4212 1394 4307 ipsus
1426 4221 1482 4290 socr·
1498 4215 1669 4309 fundatore
1705 4221 1816 4299 beato

187 4331 297 4409 Petro
317 4329 476 4407 oblatum
501 4325 570 4413 est,
595 4327 643 4403 ad
664 4327 850 4425 exemplar
868 4332 1153 4427 predecessorum
1179 4332 1378 4408 nostrorum
1407 4334 1814 4425 moraviensem&

186 4448 341 4524 Pascaiis
362 4448 469 4524 beate
491 4445 666 4523 memorie
687 4447 934 4526 Romanorum
955 4450 1207 4527 Pontificum
1195 4472 1233 4526 ru
1253 4449 1419 4547 ejusdem
1442 4450 1693 4565 Apostolorum
1709 4460 1813 4538 Prin·

187 4566 279 4666 cipis
297 4564 357 4663 ius
377 4565 709 4668 protestionemque
728 4566 937 4668 suscipimus
964 4568 1004 4647 δι
1030 4570 1221 4671 apostolice
1246 4570 1340 4651 sedis
1369 4577 1571 4671 patrocinio
1604 4582 1811 4658 communi·

1725 4723 1813 4784 miss
