3736 5160
352 346 358 357 .
655 252 1089 346 emota
1600 269 1672 343 aas

96 450 122 508 a
152 424 425 528 Praepoliturae
447 426 614 525 Negotiis
646 428 723 528 (vti
745 429 882 507 Comes
908 431 1168 529 praeceperat)
1188 430 1338 528 peritur
1361 426 1589 514 modoraill'e,
1625 451 1672 506 ea

96 572 178 627 nen
208 545 449 636 conditione,
475 560 516 625 et
540 547 680 626 nullum
701 547 838 624 exinde
858 547 916 625 rel
948 549 1042 636 suia,
1091 544 1150 627 rel
1178 529 1428 637 iucceliorum,
1468 548 1671 626 ueletiam

96 666 163 745 iun
188 666 456 766 Praepositurae
478 657 618 763 maiam
645 667 908 763 praeiudicium
943 668 1157 747 nasceremur.
1206 671 1332 753 ¹Quod
1357 668 1494 764 fiergo
1524 665 1671 766 (profe-

96 788 179 865 itur
203 784 360 892 Jocher)
384 785 423 861 in
447 785 570 884 aliquo
599 785 755 882 deliqui,
804 785 951 865 reniam
975 788 1180 865 humillime
1200 806 1309 883 rogo;
1340 808 1567 884 poenamque
1590 810 1670 883 pro·

96 906 223 986 eritam
249 904 486 982 lubeatillime
518 906 631 982 etiam
667 905 793 989 iubeo,
835 905 1120 1001 Negligentiam‚
1156 907 1323 1004 liquam
1348 902 1491 993 admisr,
1532 906 1672 981 somma

118 1025 300 1127 posterum
323 1023 521 1120 Diligentia
545 1024 779 1122 subpleturus.
839 1024 1009 1123 Denique
1029 1027 1225 1123 malignam
1253 1025 1479 1102 aemulorum
1508 1022 1673 1101 Delatio-

96 1170 139 1225 m
171 1143 364 1243 suspicatur
395 1156 517 1239 rogat,
556 1155 614 1227 vt,
661 1141 688 1217 sr
720 1141 813 1219 forte
843 1143 891 1220 de
919 1144 1000 1221 aliia
1024 1148 1145 1222 adhoc
1180 1147 1288 1221 rebus
1317 1143 1503 1220 accusatus
1531 1141 1671 1224 luisset·

96 1267 113 1344 i
144 1263 317 1364 colloquii
335 1262 491 1357 gratiam
513 1261 570 1339 vel
600 1262 647 1336 ad
671 1264 910 1358 quadrantem
937 1268 1137 1342 concedere
1158 1264 1386 1359 dignaretur,
1416 1274 1456 1340 ut
1478 1263 1514 1338 ie
1535 1261 1593 1339 vel
1616 1260 1672 1337 iu·

96 1408 192 1463 cene
222 1403 392 1480 purgare,
429 1380 487 1457 rel
506 1403 591 1455 reus
613 1381 797 1478 deprecari
821 1381 943 1477 pollet.
1015 1383 1087 1459 His
1102 1383 1260 1461 litteris
1284 1381 1579 1483 supplicationem
1606 1401 1673 1477 pro

110 1527 141 1583 a
169 1512 255 1581 toto
268 1498 433 1597 Collegio
456 1501 495 1579 bt
521 1499 801 1577 Commuuitate
819 1500 1146 1583 Bettenbmmnenir
1168 1502 1312 1598 adiecit.
1396 1555 1399 1561 ·

145 1740 285 1820 verum
315 1734 375 1812 hia
405 1733 574 1812 omnibus
606 1733 641 1810 in
669 1757 793 1812 auram
824 1736 966 1835 dilaplia
991 1739 1039 1814 ad
1067 1737 1113 1812 D.
1136 1737 1317 1817 Abbatem
1341 1733 1672 1833 Weingartensem,

96 1878 119 1937 u
145 1856 252 1935 mum
276 1858 315 1933 iu
338 1853 585 1952 spiritualibus·
607 1853 839 1950 Superiorem
860 1855 897 1933 ie
922 1857 1120 1942 conumtit,
1144 1855 1366 1952 lignilicana,
1416 1877 1490 1956 quo
1518 1852 1672 1931 saturer

115 1976 305 2057 Comitem
333 1997 394 2050 res
417 1971 499 2051 loco
524 1973 677 2062 starem,
712 1973 850 2054 addida
877 1976 921 2054 iar
946 1976 1077 2077 scripto
1104 1977 1373 2065 accusationum
1399 1976 1438 2054 δι
1462 1970 1672 2053 arcuum

96 2120 147 2176 n
168 2092 379 2175 maeotis.
488 2140 491 2145 >
534 2134 587 2153 ·
818 2160 822 2170 .
910 2164 913 2169 ,
1024 2109 1036 2117 ·

147 2330 275 2410 Abba
297 2332 337 2411 dt
359 2327 425 2409 luo
448 2324 584 2417 officio.
618 2328 658 2410 dt
678 2328 778 2428 inilia
799 2327 1182 2435 imepolitiqaaerelia
1208 2343 1317 2433 atque
1337 2329 1511 2410 Precibus
1530 2322 1672 2428 permo-

96 2476 135 2543 ι,
175 2450 316 2529 Corniti
339 2451 483 2528 litterae
508 2451 775 2529 dehortatoriaa
794 2452 909 2536 milit,
948 2453 1130 2544 innuens,
1173 2456 1272 2555 quod
1295 2476 1368 2531 uon
1392 2466 1471 2529 mm
1495 2451 1568 2527 leui
1592 2452 1673 2526 bra-

95 2574 211 2653 iudt.
227 2568 366 2647 nulline
395 2571 574 2667 momenti
603 2571 727 2648 oauffir
748 2571 911 2661 sacerdot
934 2572 1008 2649 rite
1030 2574 1223 2653 inueliitue
1253 2572 1440 2651 Beneficio
1468 2571 1528 2647 luo
1546 2568 1671 2667 priua·
1784 2666 1789 2679 Ι

97 2690 224 2789 pont,
247 2690 308 2766 sed
334 2692 431 2787 quod
445 2689 606 2765 numer
628 2690 680 2767 sat
706 2690 846 2767 validae
869 2692 1115 2788 requirantur,
1147 2696 1185 2772 dr
1211 2692 1388 2769 sententia
1407 2682 1549 2788 Judicic
1572 2712 1670 2765 com·

96 2810 209 2887 tentia
235 2811 411 2885 accedere
433 2810 583 2893 debeat.
620 2809 721 2906 quod
741 2808 943 2887 Processum
965 2808 1173 2887 ordinatum
1195 2809 1397 2896 instituere,
1435 2809 1474 2887 dt
1499 2808 1671 2887 articulos

99 2929 267 3006 uatorios
290 2950 426 3026 ponere
458 2926 665 3026 &probare
689 2926 891 3005 neceffesrt
915 2942 987 3005 etc.
1063 2926 1190 3005 Aruas
1215 2928 1317 3021 proin
1342 2928 1527 3007 Comitem
1553 2928 1670 3005 amice

96 3061 220 3124 natue
245 3047 415 3143 rogauit,¹
439 3057 480 3125 vt
506 3070 527 3122 a
551 3047 688 3145 coeptis
713 3045 893 3133 defistere,
926 3044 1234 3146 &Praepositum
1261 3046 1441 3144 inquieta
1462 3046 1669 3125 Polieffioue
1727 3030 1732 3040 ’

96 3167 256 3265 inquere
285 3166 394 3258 volite
414 3166 638 3263 ..praesertim
669 3166 706 3243 in
734 3164 1030 3243 Coosrderatiooe
1060 3166 1288 3264 capacitatis,
1330 3166 1370 3243 de
1395 3165 1670 3243 Humiliationis

96 3288 236 3374 isdem,
269 3309 338 3360 nec
364 3271 439 3363 noo
463 3306 679 3381 magnorum
706 3285 910 3387 sumtuum,
940 3307 1035 3382 quoa
1055 3285 1129 3382 ipse
1147 3287 1382 3366 &Parentes
1402 3286 1482 3380 ejus
1504 3286 1543 3361 in
1562 3287 1670 3361 l‘rae-

96 3405 227 3481 liturae
251 3404 353 3481 aditu
378 3403 558 3490 fecerant,
591 3405 629 3481 δι
651 3407 746 3504 quod
770 3404 946 3481 ballenae
969 3416 1093 3480 contra
1116 3406 1365 3481 ordinationes
1388 3403 1575 3484 &statuta
1598 3404 1668 3480 Ec·

96 3524 178 3599 riae
194 3523 284 3598 luae
308 3522 518 3618 collegiatae
533 3522 771 3599 'substantiale
793 3523 891 3599 nihil
913 3523 1115 3621 deliquerit.
1176 3526 1309 3602 Sobdit
1335 3524 1493 3621 denique
1519 3524 1617 3622 quod
1641 3521 1669 3598 li

96 3642 239 3720 taliter
275 3642 309 3718 le
342 3640 513 3729 haberet,
561 3664 670 3738 quam
703 3642 928 3739 Praepollrua
951 3642 1154 3727 iadicaliet,
1195 3645 1297 3722 &is
1333 3666 1460 3721 reuera
1483 3666 1569 3720 reus
1603 3643 1668 3719 de·

96 3760 349 3850 elrenderetur,
391 3772 480 3838 turm
512 3759 666 3836 omnino
704 3760 745 3835 ei
781 3760 1009 3856 obligatoriis
1052 3758 1135 3839 luae
1169 3764 1372 3858 iniuntliu
1399 3759 1670 3859 sede'apolloli·

110 3879 278 3961 Muneris
298 3878 503 3957 obllrittum
523 3879 559 3954 le
582 3879 677 3963 fore.
711 3877 911 3957 mudum
928 3878 1021 3975 juria
1038 3881 1196 3978 rigorem
1213 3905 1299 3961 curn
1317 3904 1363 3957 eo
1379 3885 1574 3979 procedere
1595 3894 1666 3960 etc

96 4014 166 4101 ttae
186 3999 424 4095 weingarten
447 3998 574 4076 ultimo
598 3997 761 4097 ianuarii
784 4022 881 4076 enno
906 4020 1012 4098 aspa.

142 4215 281 4295 Verum
339 4236 459 4313 neque
516 4212 576 4289 bie
632 4210 781 4290 litteris
833 4208 991 4290 Comitia
1052 4208 1218 4291 animum
1275 4224 1483 4325 peqmotum
1548 4206 1666 4305 aare,
1816 4314 1819 4319 ἢ

96 4347 149 4415 tet
206 4356 254 4409 ex
302 4332 459 4434 Epistola
495 4334 662 4427 ejusdem
712 4332 862 4409 Domini
909 4330 1067 4410 Comitia
1109 4335 1156 4410 ad
1210 4330 1453 4432 Praepositum
1499 4334 1666 4428 ejusdem

96 4458 135 4537 ni
177 4453 240 4537 die
279 4479 339 4533 ra.
376 4452 560 4532 Februarii
588 4455 697 4542 data,
755 4452 795 4529 in
842 4451 1143 4559 qua-profitetur
1192 4453 1383 4557 quidem,¹
1431 4454 1467 4528 se
1508 4456 1556 4533 ab
1589 4457 1666 4533 Ab·

96 4600 128 4673 re
171 4570 436 4674 weingartenfi
476 4571 518 4651 iu
562 4571 739 4673 praesenti
776 4573 882 4655 causa
927 4572 1088 4651 uttam
1129 4568 1318 4672 accepille,
1375 4594 1504 4657 rerum
1539 4585 1664 4653 tamen

1073 4716 1088 4733 ·
1579 4693 1665 4774 licet
