3736 5160
154 228 160 237 ·
244 227 294 311 ιι
848 213 1269 311 *emme
1350 204 1354 213 “

177 478 180 483 ,
345 414 377 467 2.
400 387 642 469 Trithemiu'm
665 386 758 466 forte
783 388 835 468 ita
856 393 914 467 sau
942 392 992 468 est
1016 391 1259 490 interpretari,
1291 400 1332 471 vt
1354 389 1425 471 hoc
1449 391 1565 471 solum
1583 390 1762 483 voluerit,
1807 395 1857 470 do

247 522 329 590 tum
356 510 424 586 elle
447 510 585 590 Vineae
608 507 823 587 Burclrordum
853 512 1037 591 Abbatem
1059 524 1223 610 tempore
1252 512 1450 607 Menegere,
1483 515 1669 614 popedon
1690 515 1734 589 ed
1778 541 1792 580 a
1808 555 1812 571 ι
1826 558 1846 574 «γ

245 640 324 708 tiam
347 635 494 730 adserui,
521 634 559 710 dr
578 630 640 728 qui
661 627 722 707 fibi
743 640 872 708 mutuo
894 631 1146 708 conuixerant.
1212 630 1344 719 Quodn
1371 632 1470 710 enirn
1497 629 1590 729 ujus
1617 632 1738 713 verbis
1760 632 1868 733 preli·-

118 768 123 773 ·
178 774 192 783 ·
246 751 399 837 insilias,
422 748 664 826 Trithemium
688 748 827 871 {illinet
853 750 914 849 ipli
935 751 1113 827 aduersari
1144 749 1292 827 fatearis
1314 751 1451 827 necesse
1477 750 1545 838 est,
1589 751 1672 827 loco
1692 751 1796 829 enim
1832 785 1847 817 ι

87 962 94 979 .
128 908 131 913 ·
247 883 326 948 turo
345 890 424 975 pag.
453 882 531 953 182.
585 868 837 947 Burchardurh
857 869 918 946 sub
953 872 1094 946 l'olnno
1117 871 1258 947 Abbare
1277 869 1523 966 Hirraugiensr
1551 872 1598 948 ad
1630 894 1701 947 noc
1727 870 1825 949 mill·

78 1010 82 1021 ·
247 990 317 1068 else
343 990 444 1068 dicit.
491 988 570 1081 En!
595 988 685 1085 Ejus
707 989 836 1066 verba:
863 988 996 1077 „Alter
1017 1013 1164 1090 quoque
1188 988 1378 1066 Conradus
1402 989 1513 1087 hulur
1542 989 1721 1067 Coenobii
1742 990 1856 1067 Mona

248 1112 369 1202 „chus
398 1110 530 1186 eodem
552 1107 668 1185 serme
698 1120 863 1206 tempore
896 1110 1038 1208 Cordrph
1062 1108 1157 1208 ipson
1197 1110 1335 1187 l'rlrnur’
1362 1106 1500 1187 Anares
1531 1111 1579 1186 ad
1608 1110 1868 1191 hiemando

237 1216 317 1323 ¹„in
344 1228 584 1308 schwarzach
616 1269 666 1285 -
697 1269 748 1285 —
783 1227 971 1306 ordinatus
995 1232 1056 1307 est.
1127 1225 1330 1305 Burclrnrdur
1354 1252 1498 1331 quoque
1523 1230 1734 1306 Monachus
1763 1230 1830 1325 huj
1862 1265 1868 1276 ⁸

250 1348 458 1443 „coenobii
480 1349 527 1425 ed
554 1349 768 1444 Wingerten
796 1346 923 1425 Abbas
950 1347 1134 1445 eligitur„
1200 1349 1403 1426 Credebam
1431 1372 1516 1445 ergo
1541 1347 1766 1426 Aduontum
1783 1350 1859 1435 un

249 1469 375 1550 chrrrdi
400 1468 440 1545 in
470 1476 608 1544 annum
642 1467 784 1547 circiter
811 1492 914 1566 1144
940 1469 1047 1544 statui
1074 1470 1187 1568 polle,
1242 1466 1302 1545 sed
1338 1466 1470 1556 obstat,
1509 1470 1608 1568 quod
1639 1468 1868 1547 Burchard

248 1591 368 1669 noster
393 1613 461 1665 ιιιιιι
489 1588 628 1662 Volmoro
652 1586 774 1661 Arbore
799 1590 882 1689 restis
904 1587 1068 1666 oculatus
1095 1588 1271 1666 mirorum
1298 1612 1320 1665 a
1344 1588 1382 1665 S
1407 1589 1593 1665 Bemardo
1612 1588 1743 1685 Spirae
1767 1591 1849 1667 sn·-

246 1734 331 1792 rmn
352 1707 518 1787 adfuerit.
567 1706 684 1825 Atqui
708 1707 780 1785 hoc
800 1706 933 1785 fustium
957 1708 1008 1786 est
1038 1724 1141 1806 1148.
1167 1710 1214 1785 ad
1238 1710 1349 1809 q'uem
1372 1730 1510 1787 annum
1534 1707 1763 1787 Trirhemius
1784 1709 1845 1786 ha
1859 1744 1868 1769 ν

249 1840 392 1913 narrat:
420 1825 487 1903 Hrs
512 1818 670 1906 mirandis
694 1808 805 1925 Spirnr
823 1826 923 1924 sollis
950 1828 1111 1904 Volrnorur
1137 1825 1248 1907 Aron
1272 1854 1341 1905 cunr
1369 1832 1484 1904 duobus
1514 1824 1683 1904 hinruchr‘s
1716 1830 1863 1931 uma

245 1956 344 2055 posteo
366 1945 532 2025 Ablue
519 1974 554 2025 m
577 1943 780 2043 Worgnrhrn
810 1949 854 2036 8
872 1951 1008 2024 unrado
1036 1948 1192 2044 ἰιιιιζΐιιιι
1257 1945 1475 2031 Gebhardus
1500 1930 1589 2023 obiit
1593 1970 1675 2047 30.
1698 1922 1863 2047 Junmrii.

250 2094 336 2169 ergo
368 2068 500 2146 eodem
525 2066 766 2167 Depohtionis
796 2091 894 2143 anno
922 2068 1064 2144 Praesul
1088 2068 1324 2145 Burchardus
1349 2066 1501 2143 aduenit
1527 2089 1632 2165 1149.
1663 2068 1725 2146 rel
1752 2066 1824 2145 sel

257 2217 363 2288 1¹50·
410 2180 456 2264 1³.
478 2188 520 2264 Ρ.
539 2188 740 2266 Bueelinus
758 2210 833 2264 non
855 2212 928 2267 vno
950 2189 1031 2265 loco
1046 2189 1178 2266 adserit
1195 2187 1451 2265 Burchardum
1473 2187 1632 2266 nostrum
1648 2210 1751 2265 enno
1774 2199 1860 2283 1158

252 2334 336 2391 cum
356 2307 541 2387 Friderico
564 2305 774 2384 Barbarolsa
799 2306 838 2381 in
864 2306 1000 2384 Castris
1026 2305 1233 2385 Roncalicis
1255 2307 1374 2396 huffe,
1398 2305 1544 2406 illicque
1569 2308 1608 2383 in
1628 2306 1787 2405 publicis
1807 2306 1852 2387 C·

202 2492 208 2500 -
252 2430 370 2513 mitiis
390 2451 479 2505 morr
495 2425 572 2524 post
590 2425 774 2503 Abbatem
789 2425 1117 2522 Campidoneusem
1132 2438 1218 2502 ante
1236 2424 1483 2505 islwacensem
1501 2422 1706 2504 consedisse.
1721 2532 1724 2537 .
1737 2424 1787 2505 Τ·
1806 2447 1860 2493 n..

255 2547 425 2651 producit
453 2544 665 2623 Goldastum
694 2547 798 2624 ron.
813 2546 876 2657 ΙΙΙ.Ι
896 2544 1046 2624 Constit
1068 2546 1245 2645 Imperial.
1270 2567 1350 2643 pag.
1365 2569 1449 2643 335.
1512 2547 1561 2628 Vt
1584 2568 1715 2624 verum
1743 2544 1857 2639 firterr

44 2644 47 2650 ’
151 2726 154 2731 .
253 2669 419 2768 repetitis
441 2666 579 2745 vicibus
602 2666 763 2743 Goldasli
791 2688 900 2763 opera
926 2666 1046 2741 sedulo
1066 2664 1248 2751 Lustrnui,
1278 2665 1401 2743 locum
1424 2665 1533 2742 auide
1553 2662 1736 2764 quuefiuir
1761 2666 1860 2745 utni

152 2822 158 2839 ι
253 2789 308 2870 hil
330 2789 460 2867 horum
484 2785 638 2887 reperire
665 2784 786 2883 potui.
812 2810 885 2859 non
912 2783 1024 2863 ausim
1039 2796 1163 2860 tamen
1180 2796 1324 2862 tantum
1343 2788 1462 2862 virum
1485 2783 1667 2861 mendacii
1684 2786 1861 2883 postulare

197 2910 201 2917 ’
255 2913 337 2991 rsus
374 2908 444 2984 alia
469 2904 642 2983 Editione
666 2904 804 3005 potuit,
835 2903 893 2983 vel
918 2926 986 3001 ego
1011 2904 1104 2981 sanis
1124 2898 1238 2981 oculis
1268 2904 1461 2982 concutiui.
1536 2904 1633 3001 Ergo
1661 2902 1688 2981 li
1714 2906 1863 3005 adlegu

255 3028 401 3113 veritati
431 3028 500 3102 srnt
523 3021 779 3110 consentanea,
799 3046 925 3099 ¹annus
953 3024 989 3099 ei
1013 3024 1225 3101 emortualis
1253 3023 1498 3103 verosimiliter
1522 3024 1632 3100 fuerit
1659 3030 1777 3115 urdo,
1809 3051 1832 3128 q
1852 3060 1863 3090 ι·

255 3148 355 3228 Eum
374 3144 550 3224 decessisse
569 3145 737 3221 laudatus
758 3141 959 3220 Bucelinus
979 3142 1110 3221 scribit.
1163 3144 1240 3220 Sed
1271 3164 1341 3218 nec
1365 3154 1464 3220 certa
1491 3143 1599 3233 Dies,
1631 3166 1729 3245 quoe
1745 3144 1793 3222 Ei
1828 3183 1853 3205 υ

256 3271 387 3349 strena
409 3261 610 3342 exstiterit?
635 3261 785 3363 antique
804 3262 1020 3358 Necrologia
1042 3262 1090 3341 de
1112 3262 1170 3339 Eo
1189 3274 1269 3337 tota
1288 3260 1409 3348 silente
1435 3262 1619 3340 recentius
1645 3274 1735 3341 ante
1748 3264 1841 3343 duce

258 3403 461 3471 turannos
491 3385 662 3482 scripturn
693 3384 741 3461 ad
769 3407 806 3481 4
843 3379 1028 3461 Febmarii
1052 3381 1145 3457 haec
1170 3380 1369 3479 ¹udscripsrtr
1420 3378 1624 3460 Buchordru
1649 3384 1751 3479 odiet
1800 3393 1822 3451 l

252 3513 421 3615 postumo
444 3528 483 3582 ιιι
500 3504 653 3601 Hursrw.
706 3503 792 3580 Non
813 3502 942 3580 desunt
968 3515 1111 3588 tamen,
1158 3499 1221 3600 qui
1251 3524 1309 3599 24
1339 3500 1450 3600 hujus
1471 3502 1604 3580 menfis
1631 3501 1793 3603 posuere.
1861 3538 1865 3565 ·

257 3633 350 3709 libro
375 3626 582 3709 Abbatum,
609 3620 668 3697 sed
692 3620 887 3697 recentiori
906 3622 1019 3699 etiam
1040 3643 1171 3706 manu,
1211 3619 1250 3696 dr
1275 3620 1443 3720 scriptore
1471 3622 1545 3698 sors
1577 3621 1703 3700 minus
1731 3624 1867 3701 adtent

261 3776 319 3830 22.
344 3743 503 3848 Ianuarii
529 3751 687 3821 mortem
708 3740 888 3838 obpetiille
910 3739 1054 3818 dicitur.
1103 3737 1259 3815 sentilla
1279 3749 1357 3816 erat
1386 3740 1525 3822 Nostris
1554 3739 1670 3830 Cura,
1706 3764 1804 3842 quae
1823 3740 1868 3819 su

41 3892 47 3913 .
106 3942 109 3947 Ι
261 3894 354 3950 2900
382 3865 616 3962 gerebantur,
653 3857 801 3957 posteris
823 3860 1062 3938 connnittere.
1126 3859 1189 3936 An
1210 3858 1408 3945 unatiores
1434 3859 1547 3938 hodie
1566 3858 1716 3939 sumus?
1753 3886 1868 3941 nem

261 4011 356 4090 quue
391 3983 509 4059 nostra
538 3992 659 4057 aetate
686 3988 879 4076 geruntur,
924 3977 1131 4078 upluribur
1154 3977 1235 4053 aliis
1272 3990 1456 4061 notmtm.
1520 3979 1605 4061 Hoc
1624 3982 1863 4121 credidere
1864 3999 1868 4025 ⁴

261 4102 549 4191 Praedecelsores
569 4098 689 4179 nostri
740 4098 817 4177 Sed
837 4098 886 4174 lic
911 4098 1110 4198 comparati
1134 4096 1279 4175 sumusl

595 4280 1120 4371 DlEsHMARVS
1174 4278 1412 4369 ABBAS
1467 4242 1555 4371 lx.

362 4467 395 4521 r.
419 4442 579 4569 Supra
563 4464 642 4541 ram
675 4439 781 4538 attigi
823 4440 938 4519 ΚΡ.
968 4438 1190 4518 Bucelinum
1220 4438 1434 4516 Burchurdo
1460 4438 1638 4518 Arroldun
1666 4440 1866 4542 subponere

263 4587 391 4652 verum
415 4562 441 4639 sr
464 4584 637 4662 nuquam
657 4558 766 4650 aliar,
792 4570 890 4639 certe
908 4559 993 4641 heic
1016 4550 1170 4660 turpiter
1187 4556 1434 4639 hallucinatum
1452 4556 1504 4636 est
1524 4558 1591 4641 Vir
1611 4567 1866 4645 ceterarum

1785 4684 1865 4767 ind
