3736 5160
580 90 1138 269 eecefflssoeue
1422 57 1434 111 s
1557 190 1738 278 ..¹01

456 354 552 443 ΙΝ
615 334 809 444 Neu
884 352 1396 442 sN1counn
1563 352 1566 357 ·
1763 368 1766 373 ’

209 554 428 653 capiendum.
478 551 582 633 Lana
599 546 798 630 Sacerdotis.
849 552 933 629 Hoc
959 550 1059 627 euim
1075 549 1140 643 ‚est
1165 547 1464 635 consuetudinis,·
1488 555 1530 625 vt
1556 542 1581 622 fi
1616 546 1655 624 in
1686 546 1740 622 fe·

143 679 186 757 tir
207 676 275 753 xil.
318 658 412 751 [eit.
446 672 593 771 aliquod
624 673 800 770 reperitur
822 673 1019 770 capitulum
1051 672 1098 748 de
1126 668 1279 748 lestioue
1314 669 1361 746 ud
1397 667 1533 744 minam
1566 663 1738 763 legende,
1835 688 1838 693 ’

143 799 193 874 hoc
213 799 255 872 ad
281 795 447 891 vesperus
487 807 658 892 utrosque
687 792 727 870 &
754 793 977 875 matutinum
1017 794 1056 871 δι
1088 788 1240 867 tertium
1274 788 1457 865 recitetur.
1516 785 1738 888 &Confeffu

144 917 260 994 innon
286 916 453 1016 ansteus
475 914 511 987 S.
534 952 584 968 -
612 935 674 970 -·
693 914 733 989 ln
756 912 883 1011 primis
909 910 1064 1011 vesperis
1086 911 1129 987 iit
1149 909 1320 1009 proceifio
1343 910 1391 985 ad
1420 906 1588 986 sacellum
1611 909 1649 985 S.
1672 908 1738 989 Ni-

143 1039 207 1115 nu
227 1048 373 1139 propter
406 1031 657 1129 patrocinium.
683 1034 725 1133 *)
749 1074 799 1091 -
832 1070 882 1090 -
1735 1018 1739 1030 '

331 1313 675 1395 nun1n1un
739 1314 1068 1404 nvnnvou
1120 1290 1509 1395 rnueouvu

200 1554 250 1572 -
311 1551 361 1568 —-
422 1552 472 1568 -
535 1510 578 1585 Si
610 1509 647 1585 in
689 1510 807 1609 aliqua
841 1509 942 1586 istius
970 1515 1081 1587 uinus·
1109 1508 1308 1585 infestum
1331 1506 1532 1608 preditium
1561 1504 1623 1603 (S.
1654 1500 1739 1585 rte

132 1656 175 1708 ue
219 1634 380 1734 Apostoli)
431 1629 597 1706 euenerit
658 1630 735 1727 post
787 1630 987 1729 capitulum
1020 1627 1157 1734 fratrer
1193 1627 1335 1736 bition
1374 1636 1408 1705 iu
1452 1629 1582 1719 clanstro
1610 1639 1736 1705 nnnc

125 1750 247 1831 Deinde
280 1752 415 1850 pulsato
438 1748 536 1846 signo
565 1751 605 1824 ed
634 1747 801 1834 Tercinm,.
822 1748 1027 1827 orationem
1054 1738 1211 1839 faciunt,
1255 1750 1293 1827 dc
1320 1752 1400 1825 utic
1426 1748 1462 1825 se
1487 1747 1663 1834 induunt,
1694 1747 1739 1823 fl·
1838 1844 1842 1854 Ι

120 1872 182 1951 nita
205 1874 261 1949 ΙΙΙ.
286 1871 391 1947 Mina
422 1868 596 1968 sequitur.
639 1866 715 1966 post
733 1868 860 1968 'quam
896 1869 931 1944 se
964 1869 1093 1946 fratres
1124 1879 1305 1971 exuentes
1333 1876 1445 1945 iterum
1465 1872 1581 1945 teuton
1605 1877 1738 1947 vacant
1828 1958 1835 1967 .

116 2014 219 2094 toque
246 1994 338 2070 dum
364 1990 503 2087 signum
531 1988 628 2063 sexte
649 1988 811 2064 audiant.
882 1986 985 2065 Tunc
1007 1988 1099 2066 inita
1128 1988 1250 2064 denuo
1272 1988 1436 2065 oratione
1451 1991 1560 2088 sedent
1589 1996 1623 2065 to
1648 1984 1737 2065 cino
1771 2036 1775 2045 ,

115 2114 226 2191 donec
247 2114 429 2191 Sacerdos
451 2108 637 2206 ceterique
660 2107 706 2182 ad
732 2105 869 2183 minam
899 2107 947 2183 de
969 2106 1105 2199 ieiunio
1126 2108 1280 2205 sonitui
1303 2108 1339 2183 ie
1364 2108 1529 2193 induant.
1594 2108 1736 2195 Quibus
1834 2154 1837 2159 <

118 2229 261 2311 ueneriis
280 2233 335 2313 vi.
363 2231 529 2314 canitur,
581 2221 781 2325 statimque
808 2223 908 2302 mina
940 2250 1015 2304 non
1046 2227 1264 2327 precedente
1289 2228 1426 2306 ietnnin
1453 2252 1538 2311 cum
1567 2253 1639 2311 vna
1662 2228 1736 2304 coi·

114 2354 198 2432 Μὴ
232 2356 272 2433 ά
296 2354 460 2455 struamus
481 2372 583 2445 grune
605 2347 644 2425 δι
670 2349 878 2423 benedicemus
907 2349 1025 2423 nunu
1060 2346 1224 2446 sequitur.
1312 2350 1393 2436 Qua
1423 2350 1525 2429 finite
1557 2356 1598 2427 nd
1624 2372 1736 2426 mom

111 2472 261 2573 pulsatur
292 2476 332 2551 de
359 2469 476 2547 oratio
506 2468 633 2563 agitur.
710 2467 925 2543 Conueutus
957 2465 1089 2545 iterum
1123 2468 1252 2545 sedens
1277 2469 1315 2546 in
1345 2468 1459 2551 choro
1483 2471 1664 2551 ministros
1698 2468 1735 2546 ie

111 2604 284 2671 exuentes
306 2593 493 2691 expediat,
518 2588 732 2687 eisdemque
757 2585 1023 2679 reuertentibus
1051 2598 1221 2666 cantatur
1241 2615 1351 2672 nona.

319 2894 324 2901 ’
465 2872 896 2961 SABBATO
954 2872 1061 2959 1111.
1123 2874 1379 2966 TEMP.

198 3129 248 3149 -·
284 3128 338 3146 -
373 3087 412 3163 ln
441 3084 513 3159 hec
541 3084 601 3161 die
626 3095 712 3161 ante
739 3083 879 3161 missam
917 3080 1053 3159 letania
1073 3109 1147 3161 non
1177 3087 1336 3176 canitur,
1375 3087 1465 3168 ficut
1489 3089 1620 3169 necin
1650 3083 1731 3167 aliis
1847 3062 1851 3073 ⁵

123 3203 179 3286 mi
211 3211 434 3305 Temporum
471 3205 657 3282 sabbatis:
696 3204 771 3281 Sed
799 3205 891 3282 fana
918 3204 1087 3279 oracione
1123 3200 1253 3283 fratres
1282 3210 1320 3285 in
1351 3210 1460 3287 choro
1485 3213 1588 3304 [nien
1613 3213 1731 3286 donec

125 3329 269 3427 ieoudos
293 3328 425 3427 aliique
457 3324 546 3424 quid
571 3328 776 3424 ministraturi
805 3324 1015 3399 induentur.
1085 3324 1223 3414 Quibus
1255 3330 1390 3424 paratis
1414 3331 1514 3408 miiia
1542 3328 1732 3409 inchoatur
1826 3340 1831 3365 ¹

127 3450 244 3527 nono
273 3444 397 3524 ciorum
429 3453 465 3522 in
498 3463 591 3541 coppo
622 3454 749 3520 tenent.
827 3444 890 3520 Ad
928 3466 1038 3541 quam
1067 3443 1294 3523 colleiiarum
1323 3470 1397 3524 non
1436 3449 1592 3548 amplius
1620 3472 1730 3548 quam

126 3566 163 3642 de
178 3568 293 3647 officio
322 3564 373 3643 est
401 3563 608 3641 dicendum.
658 3569 818 3640 Domino
843 3566 998 3637 notionem
1021 3585 1095 3638 non
1124 3560 1260 3640 dicitur
1282 3566 1347 3643 nifi
1377 3581 1463 3645 unte
1487 3575 1630 3645 ottiuzun
1648 3591 1729 3644 ora·

126 3687 261 3766 cionem.
336 3684 477 3779 Singuli
504 3694 672 3758 cantores
695 3682 828 3777 singula
851 3683 1014 3775 graduatio
1044 3693 1216 3791 cautant,
1265 3685 1315 3761 ita
1345 3700 1386 3762 vt
1412 3687 1487 3784 post
1516 3687 1730 3766 inchoatum

126 3802 256 3885 inicium
289 3807 425 3882 chorus
457 3826 504 3879 ea
532 3826 606 3877 uon
634 3813 795 3898 repetat,
832 3800 923 3875 ficut
943 3821 1012 3874 uec
1042 3801 1119 3897 post
1143 3802 1254 3882 finem
1279 3806 1453 3883 versuum.
1523 3811 1560 3885 A
1576 3802 1729 3887 'duobus

126 3926 247 4004 unitur
271 3927 413 4002 Ymuus
440 3924 552 3999 trium
578 3942 789 4018 puerorum,
830 3942 903 4017 quo
929 3930 1053 3995 tamen
1080 3942 1195 4017 ymno
1220 3920 1264 3999 'in
1290 3925 1417 4003 ultima
1450 3926 1531 4006 vice
1551 3928 1726 4024 repetito,

124 4042 308 4124 &dnobus
333 4046 489 4125 verubus
518 4040 646 4142 primis
670 4067 691 4117 a
714 4043 888 4117 tutunus
911 4037 1018 4115 ditiis
1042 4051 1162 4116 cetera
1186 4040 1318 4118 chorus
1343 4058 1540 4141 percantat.
1590 4045 1726 4124 Canto-

124 4184 172 4239 tes
194 4181 275 4243 ante
296 4165 438 4241 finitam
461 4160 644 4260 offerendam
655 4163 694 4264 se
718 4184 793 4238 non
817 4170 968 4237 exuunt.
1027 4161 1083 4236 Ao
1107 4185 1168 4239 ono
1190 4159 1322 4259 pietur
1341 4163 1380 4242 δι
1396 4188 1460 4241 nno
1475 4169 1574 4243 otono
1599 4169 1637 4247 dt
1660 4183 1729 4265 put

125 4286 537 4387 wm---

941 4493 979 4574 N
998 4514 1023 4591 3
1512 4503 1516 4511 ’
1586 4498 1725 4581 VIGI-

149 4642 1081 4799 euunu'nneunnqnnnsunucupun
1274 4658 1277 4662 ’
