3742 5160
154 148 226 224 att
778 136 1198 228 *ww*

156 318 249 396 haec
278 312 435 414 respeuu
448 312 698 412 praediorum,
730 336 824 413 quae
847 312 1045 389 alienauit?
1082 338 1179 390 anno
1206 314 1280 409 jam
1310 322 1414 411 1569.
1440 316 1676 399 Ottoburauic
1691 320 1775 399 Boe-

156 441 296 539 ningen,
341 437 379 514 dr
403 458 500 510 auno
528 456 631 528 1570.
664 432 947 529 Mamuringauis
977 434 1157 531 quosdam
1193 434 1421 533 pecuniarios
1459 437 1659 523 Redditus,
1710 464 1777 519 nac

157 580 234 634 nou
261 555 300 637 dt
326 553 399 629 alia
420 554 519 650 iura,
552 575 646 650 quae
674 551 932 629 Mouasterium
956 551 993 627 in
1018 554 1057 631 dt
1084 566 1188 628 extra
1209 553 1397 629 ciuitatem
1419 553 1564 657 habuit,
1601 560 1776 637 vendidit.

156 676 199 753 ld
218 684 343 753 tanen
370 672 583 750 Neceffitate
608 671 743 767 magia,
762 694 878 771 quam
903 672 993 747 luxu
1015 672 1183 749 indultus
1208 671 1326 746 fecisse
1351 662 1512 759 videtur,
1554 679 1579 751 sr
1606 682 1646 756 dr
1674 680 1778 757 seculi

157 794 408 895 iniquitatem,
435 815 506 890 qua
528 789 640 876 vixit,
671 790 710 867 dt
735 812 948 885 magnorum
974 789 1138 867 Virorum
1173 790 1507 878 Existimatiouem,
1546 819 1618 892 qua
1638 797 1777 875 frueba·

156 910 628 1003 ttu,cons1derauerimus,
671 896 763 1008 quae
793 913 876 987 sane
912 920 1014 983 tanta
1038 921 1136 992 erat,
1163 924 1217 985 *vt
1247 910 1309 986 vix
1341 920 1426 987 ante
1462 915 1622 991 Mortem
1653 915 1778 1013 'adhuc

154 1045 286 1136 quarta
315 1031 448 1108 scilicet
480 1027 642 1107 Oliobtis
681 1030 741 1105 die
774 1025 870 1103 aimo
905 1050 1008 1126 1575·
1043 1050 1066 1100 a
1098 1026 1342 1107 Celeberrimo
1369 1030 1515 1109 Comite
1544 1012 1735 1138 „Joocliimo
1765 1075 1780 1091 ··
1834 1085 1863 1112 η

157 1151 374 1255 P’drjlmberg
401 1150 440 1229 dr
471 1145 715 1248 Hciligmberg
747 1148 904 1223 Litteras
939 1147 1078 1244 propria
1111 1170 1224 1224 manu
1255 1148 1462 1247 subscriptas
1494 1152 1694 1251 acciperet,
1743 1155 1751 1169 “

156 1273 405 1376 quibuscum
437 1268 644 1368 Compcrrem
677 1268 777 1344 suum
816 1288 946 1341 vocare
989 1265 1211 1360 dignabatur.
1285 1268 1392 1352 Quod
1428 1273 1555 1345 coaeui
1584 1272 1846 1371 scriptorou

154 1391 345 1494 praecipue
367 1387 405 1463 in
429 1387 486 1462 Eo
511 1398 679 1485 carpunt,
713 1385 780 1473 eli,
810 1385 908 1482 quod
930 1384 1140 1483 plerumque
1166 1387 1277 1462 domo
1293 1387 1419 1462 absent
1439 1387 1478 1464 in
1494 1388 1620 1481 Castro
1643 1391 1712 1469 Wo
1851 1453 1870 1476 „

155 1510 284 1590 breclrts
308 1508 367 1582 seu
395 1504 621 1583 Wuubreclrrz
650 1504 885 1590 habitauerit,
931 1507 988 1592 dr,
1018 1503 1105 1580 licet
1143 1504 1350 1600 desperatus
1381 1531 1491 1606 prope
1519 1508 1606 1585 esset
1639 1511 1813 1609 Vinea*
1869 1583 1871 1593 ,

154 1632 284 1712 liatus,
312 1628 473 1729 Muscam
501 1624 643 1720 magnis
666 1625 841 1700 sumtibus
869 1622 1011 1699 aluerit.
1085 1624 1230 1700 Nomen
1258 1626 1359 1701 suum
1388 1640 1557 1703 aeternae
1581 1631 1712 1709 homin

65 1758 69 1769 '
103 1724 111 1740 ⁹
153 1746 352 1829 memoriae
376 1745 591 1832 traditurus,
617 1740 753 1839 insigne
768 1743 831 1819 lrbi
849 1743 1003 1820 construi
1023 1742 1227 1842 Mausoleum
1244 1744 1349 1829 fecit.
1378 1747 1477 1844 quod
1491 1758 1617 1825 tamen
1639 1751 1866 1850 postem

154 1869 255 1949 utin
280 1864 511 1964 Ephemerid.
537 1862 748 1940 Bucellinus
772 1863 908 1948 scribit,
951 1862 1114 1963 Georgius
1136 1861 1273 1950 Albus,
1314 1875 1502 1961 tamquam
1532 1867 1673 1969 aliquid
1732 1908 1748 1941 ι.

153 1986 305 2090 plicitati
331 1987 369 2065 dr
394 1983 602 2080 Paupertati
625 1983 842 2062 monasticae
867 1982 1087 2063 contrarium
1113 1981 1221 2080 dejici
1244 1983 1435 2083 praecepit.

307 2244 608 2361 JOANNES
666 2243 1228 2331 CHRISTOPHORVS
1285 2249 1610 2359 RAlTNER,

740 2402 1003 2481 ABBAS
1052 2402 1179 2480 XXX

249 2600 409 2679 Primam
436 2598 497 2673 hic
526 2596 650 2674 Abbac
685 2596 822 2672 Lucem
841 2596 1043 2685 Altdorssri,
1063 2597 1180 2695 ,Pago
1204 2599 1250 2673 ad
1274 2596 1410 2677 Pedem
1435 2600 1543 2679 nostri
1567 2600 1830 2685 monaster-i

152 2722 237 2810 fito,
263 2746 359 2797 anno
392 2743 495 2817 1545.
530 2717 590 2793 die
616 2741 673 2793 22.
697 2717 921 2813 Seprembris
946 2715 1008 2792 die
1034 2719 1185 2794 Veneris
1211 2716 1299 2793 hora
1325 2735 1452 2820 quarta
1485 2724 1827 2801 antemeridiar'ia

152 2845 213 2924 sub
236 2840 333 2937 figuo
360 2832 467 2914 Tauri
492 2851 532 2915 vt
553 2837 623 2935 ipse
647 2843 690 2931 n)
717 2835 851 2921 scribit,
885 2837 1056 2934 adspexit.
1114 2841 1261 2914 Patrem
1284 2838 1412 2917 habuit
1434 2839 1608 2946 Jocabor
1629 2844 1824 2921 Rarum

150 2958 358 3045 Monasterii
381 2958 418 3034 in
441 2958 591 3058 Hognuu
615 2958 906 3044 Procuratorem,
950 2958 1108 3036 Matrem
1125 2960 1240 3058 filiam
1263 2956 1400 3035 Fratris
1434 2960 1583 3039 Gerraioi
1616 2957 1821 3041 abbacia

152 3080 280 3168 nostri,
311 3102 430 3177 aquo
452 3079 564 3154 etiam
588 3100 685 3152 anno
714 3082 817 3169 1556.
843 3099 901 3169 30.
931 3076 1092 3155 octobris
1117 3080 1164 3175 o)
1195 3100 1281 3154 cum
1306 3077 1536 3181 Claristoplroro
1567 3080 1698 3159 Felber-
1720 3076 1818 3157 -l

72 3286 79 3299 ,
151 3199 379 3280 Nouitiatum
406 3199 612 3283 adsumtos,
647 3195 744 3271 sexta
772 3195 988 3274 Nouembris
1020 3198 1081 3273 die
1105 3221 1201 3272 anno
1230 3211 1331 3293 1558.
1362 3221 1448 3277 cum
1478 3201 1613 3277 eodem
1643 3200 1815 3279 Sam-²·

69 3300 72 3305 ⁵
151 3320 266 3400 menti
291 3319 457 3393 solemnis
484 3315 664 3413 sponsrone
688 3314 946 3391 Benedistinae
971 3316 1004 3392 se
1028 3316 1201 3393 Familiae
1224 3317 1422 3393 adstrinxit.
1489 3318 1648 3396 Omnem
1682 3322 1811 3398 Ger-

149 3441 265 3516 wicus
290 3436 458 3514 mouebat
483 3433 658 3532 lapidem,
700 3448 738 3511 vt
770 3435 964 3535 Ptonepoti
991 3436 1051 3512 suo
1081 3436 1194 3512 alium
1218 3435 1403 3530 inspiraret
1423 3437 1611 3523 animum.
1654 3438 1806 3517 nutu

148 3560 185 3637 'ei
209 3563 299 3637 dura
325 3559 362 3635 dt
389 3554 509 3654 aspera
532 3554 762 3631 vaticinatus.
814 3554 981 3654 Cognata!
1018 3555 1204 3656 inquiebat
1228 3560 1504 3653 saepenumero,
1531 3557 1620 3657 sip)
1650 3552 1801 3635 Turris

150 3682 246 3759 etium
273 3678 412 3778 fastigio
445 3677 613 3777 infideres,
660 3678 720 3750 uix
750 3699 831 3770 quur
863 3688 895 3750 te
918 3675 1103 3776 exspreliout
1125 3675 1236 3763 Fata,
1276 3676 1377 3771 omlis
1399 3675 1535 3777 definire
1557 3676 1667 3781 postes.
1714 3667 1794 3751 Et

148 3801 231 3880 sane
261 3818 375 3897 quum
419 3794 504 3871 esset
544 3794 713 3869 Pontifex
746 3792 833 3868 anni
866 3793 982 3878 illius,
1021 3795 1268 3893 prophetauit,
1319 3807 1360 3872 vt
1396 3794 1519 3893 postea
1550 3797 1785 3876 videbimus

148 3920 259 3998 Anno
289 3922 390 4011 1560
426 3920 481 3989 ab.
506 3913 605 4010 Junii
632 3912 699 3987 Di
699 3914 811 4010 iugum
836 3912 881 3986 ad
908 3911 1022 3989 liudia
1046 3915 1183 4000 missua,
1221 3936 1319 3990 anno
1347 3937 1451 4010 1552.
1484 3916 1608 3994 Mense
1633 3904 1776 3994 Martio

147 4062 253 4134 aeger
279 4033 422 4113 Lectica
447 4033 582 4109 Vincas
606 4031 747 4107 delatus
773 4029 1026 4109 euterun
1052 4033 1194 4109 sanitati
1224 4031 1406 4109 reliitutus
1428 4037 1560 4113 eodem
1588 4061 1683 4114 anno
1704 4053 1766 4111 ιο·

147 4153 299 4252 Augusti
317 4155 438 4229 denuo
455 4130 640 4246 Diiingam
664 4149 789 4234 rediit,
815 4149 937 4249 ibique
960 4153 1171 4248 permansit,
1203 4155 1322 4230 donec
1344 4175 1441 4229 anno
1464 4166 1573 4255 ¹⁵⁶4
1587 4180 1644 4251 25
1657 4144 1759 4281 Apri·

146 4276 193 4352 lis
236 4275 281 4351 ab
315 4272 458 4348 Abbate
494 4294 577 4347 cum
613 4269 853 4346 confratribus
884 4268 955 4346 suis
984 4270 1136 4349 domum
1163 4285 1374 4357 reuocauit,
1429 4272 1607 4353 docendir
1642 4265 1749 4373 puerit

145 4401 440 4517 praeponeretur,
488 4390 619 4471 ceteris
660 4388 873 4486 Friburgurn
907 4389 1028 4469 missis.
1108 4391 1231 4470 Noluit
1265 4393 1351 4469 enim
1391 4392 1580 4486 (immicus,
1619 4408 1658 4473 vt
1687 4384 1743 4488 ips

1641 4510 1735 4618 pm

185 4634 225 4717 n)
246 4576 437 4718 munau
559 4627 608 4711 o)
627 4624 707 4697 uu.
751 4734 757 4753 ‚
839 4629 876 4715 p)
899 4627 977 4698 ltu
