3736 5160
625 92 641 119 ⁵
744 82 1164 200 ewam*
1419 122 1423 141 ¹
1658 42 1847 197 ‘us'

132 280 234 362 blica
262 262 341 381 jam
366 284 466 361 samu
490 276 647 375 consini,
683 284 862 381 quantum
883 284 1012 361 damni
1038 280 1255 363 monasterio
1281 280 1401 359 nolim
1420 275 1651 359 'lamentabili
1681 276 1765 354 casu

123 402 256 479 exorti
281 401 322 507 in
345 402 408 481 die
427 401 654 481 Ascensronis
671 400 827 481 Domini·
846 403 1008 480 Incendii
1034 401 1227 492 acciderit,
1253 403 1291 482 dr
1312 401 1467 501 qualiter
1483 423 1533 475 ex
1553 396 1669 472 enimi
1696 396 1764 471 do·

118 521 212 598 lore
236 525 277 601 dr
298 522 440 600 tristitia
462 523 614 600 diletlus
640 522 758 601 noster
788 522 972 601 Dominus
998 521 1158 624 Jodocus
1190 520 1315 602 Abbas
1344 520 1509 623 proxima
1536 515 1597 593 die
1624 514 1763 592 Sabbu-

117 640 189 746 thi
223 666 273 718 ex
294 640 364 719 hac
386 643 465 721 vita
492 642 675 737 migrarit,
709 665 825 742 quum
849 643 973 742 itaque
997 665 1097 720 anno
1135 662 1239 743 1477.
1269 639 1503 717 solemnitas
1532 631 1768 716 Alcenllonis

114 761 288 839 Domini
313 762 351 836 in
378 786 433 857 15.
450 762 550 841 diem
571 759 705 839 uenus
728 763 820 862 May
841 756 1047 848 inciderem
1061 755 1155 840 haut
1176 761 1286 840 dubie
1308 758 1440 837 Minui
1461 757 1761 842 subscribendum.

106 903 295 979 *eumque
322 878 383 956 die
410 903 465 978 17·
486 882 580 978 May
604 880 778 959 deceffiffe
802 884 1021 961 censendum
1042 883 1104 978 est.
1165 880 1276 958 Forte
1294 878 1408 957 etiam
1435 877 1526 953 liber
1552 874 1761 977 capitularis

113 1020 221 1079 cnm
239 997 369 1077 Missas
384 1024 429 1077 ea
448 1000 590 1076 ratione
605 1001 775 1097 componi
797 1002 922 1101 potest.
953 1006 955 1011 ⁴
971 1001 1013 1080 Si
1032 1003 1132 1085 enim
1152 1001 1275 1079 Abbas
1294 998 1391 1077 circa
1407 997 1570 1076 medinm
1597 997 1760 1109 ιιοέὶειιιε

53 1204 62 1217 Ι
113 1141 227 1220 quae
246 1130 440 1219 vmnmque
466 1119 566 1198 diem
581 1120 783 1211 interfluit,
805 1125 907 1221 quod
930 1120 1102 1201 credibile
1121 1120 1285 1211 videtu,
1307 1118 1347 1195 in
1367 1138 1485 1213 agone
1503 1114 1639 1215 posrtus
1652 1134 1761 1196 occu·
1791 1202 1796 1217 „

113 1237 232 1329 buit,
257 1238 347 1339 quid
366 1237 520 1329 mirum,
542 1238 569 1316 sn
591 1239 652 1317 alii
670 1240 789 1328 hunc,
814 1242 878 1319 alii
904 1242 1010 1323 illum
1036 1240 1160 1321 obitus
1186 1240 1288 1319 diem
1310 1234 1522 1337 posuerint?

229 1478 394 1562 Quamor
426 1477 490 1555 vix
520 1482 662 1558 menses
697 1481 745 1557 ad
773 1479 931 1562 Clauum
951 1483 1120 1570 sederat,
1158 1503 1272 1583 quum
1301 1500 1431 1580 parum
1450 1474 1630 1561 abfuerit.
1656 1469 1761 1575 ,quin

115 1597 283 1680 Aemuli
307 1597 447 1675 inuidia
475 1599 657 1675 concitato
687 1611 792 1678 motu
814 1613 919 1680 totus
941 1590 1170 1699 dejiceretur.
1208 1602 1375 1704 .Joannes
1398 1598 1500 1676 enim
1526 1619 1549 1672 a
1574 1594 1760 1692 Freyberg

116 1742 175 1793 ex
199 1717 386 1793 Monacho
413 1718 676 1814 Weingartenst
714 1721 840 1800 Abbas
866 1721 1075 1800 Monalierii
1107 1722 1147 1799 in
1174 1731 1304 1801 monte
1330 1719 1369 1798 S.
1392 1714 1541 1813 Georgii
1563 1713 1604 1792 in
1630 1712 1759 1811 Tyroli

117 1838 245 1916 fastus
277 1836 409 1914 Eidem
442 1836 541 1936 quali
572 1839 781 1917 Simonirce
809 1839 924 1919 elekio
949 1841 988 1915 in
1017 1840 1129 1919 Curia
1152 1862 1304 1919 romana
1331 1837 1437 1915 litem
1463 1833 1592 1915 mouit.
1646 1830 1759 1913 Calli·

120 1958 203 2036 stus
227 1957 286 2033 lli.
314 1956 436 2034 Seculi
472 1957 666 2057 iniquitate
694 1962 871 2062 deceptus
906 1959 945 2036 in
973 1958 1102 2061 Jodoci
1138 1944 1352 2038 elellioncm
1379 1956 1531 2056 inquiri.
1574 1953 1613 2032 dc
1639 1952 1757 2033 stante

132 2075 369 2154 memnonis
391 2077 545 2167 veritate
567 2080 810 2157 accusatorem
836 2077 876 2156 in
900 2079 1071 2158 Accusati
1098 2079 1221 2157 locum
1251 2077 1363 2158 suffici
1389 2077 1501 2176 jubet.
1562 2077 1639 2157 Sed
1668 2074 1758 2163 suti·

135 2198 246 2298 prins,
277 2202 390 2296 quam
416 2196 615 2273 sententiae
653 2198 912 2297 exsequntione
939 2199 1102 2289 fundens,
1141 2198 1281 2277 cnuffae
1310 2195 1529 2275 decisionem
1556 2188 1756 2277 Successori
1827 2260 1832 2267 ,

129 2317 285 2417 reliquit.
350 2316 440 2392 Pius
463 2318 573 2413 igitur
593 2317 633 2392 IL
659 2316 720 2416 qui
749 2318 1128 2413 custoditum
1155 2316 1309 2416 Augusti
1334 2330 1561 2415 anno1458.
1586 2315 1756 2395 successe·

124 2450 204 2526 rat,
226 2439 265 2513 in
290 2437 399 2532 hujus
428 2437 482 2512 rei
508 2437 702 2514 veritatem
722 2437 971 2538 inquisrtruum
1006 2441 1198 2538 Caspnrem
1219 2436 1428 2515 Monasterii
1453 2438 1492 2514 S
1516 2436 1614 2514 Galli
1630 2424 1754 2516 Aube-

80 2554 96 2597 ·'
123 2567 205 2635 tem
240 2557 342 2635 suum
384 2558 455 2633 hac
495 2556 533 2632 in
564 2544 804 2634 controuersia
831 2560 1111 2638 commissarium
1146 2557 1364 2655 delegauit,.
1381 2558 1469 2635 dato
1501 2557 1668 2654 negotio,
1711 2568 1767 2637 vt·

122 2679 313 2777 praemissa
339 2678 502 2773 diligenti
533 2682 570 2757 bc
601 2677 640 2751 in
675 2689 841 2754 neutram
873 2690 1014 2786 partem
1042 2678 1242 2757 inclinante
1267 2677 1455 2774 indagine,
1498 2676 1636 2754 Domui
1662 2675 1754 2767 Dei,

124 2820 239 2898 quem
260 2797 463 2893 digniorem
493 2797 701 2886 inuenisset,
747 2798 1089 2898 Administratorem
1124 2796 1353 2878 Austoritnte
1385 2796 1592 2899 Apostolica
1623 2794 1752 2877 consti·

124 2928 266 3007 meret,
303 2917 447 2996 diretiis
474 2916 578 2993 bisce
601 2919 649 2995 ad
672 2917 769 2996 Eum
789 2916 940 2995 litteris:
1501 2964 1504 2969 ·
1625 2998 1666 3079 ἐκ

221 3155 361 3231 Prvs
397 3155 595 3255 Episcopus
639 3159 777 3235 Seruus
813 3157 1012 3235 Seruorum
1054 3156 1124 3235 Dei
1157 3155 1299 3239 Dilesto
1335 3155 1429 3238 Filio
1476 3158 1613 3237 Abbati
1657 3140 1744 3237 Μὰ·

130 3275 270 3352 ruderit
310 3275 348 3352 S.
392 3276 487 3354 Galli
523 3276 823 3357 Consluntiensrsx
844 3277 1026 3354 Dioece'srs
1063 3278 1224 3359 Salutem
1265 3282 1305 3361 dr
1345 3279 1590 3378 Apostolicam
1624 3279 1749 3359 Bene·

129 3395 334 3476 diiiinnem.

217 3634 369 3715 Rationi
390 3635 572 3733 congmib
599 3639 638 3718 dr
662 3638 837 3724 conuenit
862 3636 1054 3738 aequitati,
1078 3648 1119 3718 rt
1141 3662 1205 3728 en,
1247 3661 1320 3741 que
1346 3640 1394 3716 de
1417 3637 1575 3717 Romani
1595 3636 1748 3716 Pontifi·
1851 3740 1859 3753 ἱ

128 3757 178 3834 cis
202 3756 451 3858 prouidentia,
487 3756 526 3834 δι
551 3757 668 3853 gratia
690 3757 947 3857 procedemnt,
985 3759 1072 3836 licet
1101 3759 1193 3856 Ejus
1215 3758 1488 3859 superueniente
1517 3760 1621 3839 obitu
1647 3760 1749 3840 litte·

125 3890 188 3959 rne'
211 3876 423 3976 apostolicae
446 3865 549 3978 super
573 3878 854 3956 illisconsesiae
876 3903 950 3954 non
976 3876 1128 3967 suerint,
1161 3880 1259 3958 suum
1285 3880 1550 3980 consequantur
1566 3878 1746 3963 essedum
1839 3980 1850 3993 „

124 3996 274 4075 Dudum
295 3995 472 4095 squidem
507 4001 554 4074 ad
579 3997 803 4077 audientiam
825 3997 941 4075 felicis
976 3998 1237 4078 recordationis
1266 4000 1388 4079 Calisti
1409 3999 1479 4076 PP.
1503 4000 1560 4078 lll.
1588 4002 1747 4079 Praede·

125 4116 264 4194 cessoris
292 4115 403 4193 nostri
439 4117 571 4197 dilesio
599 4118 674 4194 filio
702 4118 844 4218 Joanne
871 4120 918 4197 de
948 4118 1096 4216 Friberg
1122 4118 1267 4214 Abbate
1294 4119 1502 4197 Monallerii
1528 4118 1666 4201 montis
1703 4120 1743 4201 S.
1856 4216 1859 4221 ¹

123 4234 272 4332 Georgii
297 4235 438 4317 Brixin.
463 4237 625 4315 Dioeces.
649 4237 796 4315 Ordinis
829 4239 868 4317 S.
890 4238 1081 4317 Benedisii
1107 4240 1286 4316 referente
1305 4240 1490 4338 peruenit,
1525 4240 1627 4340 qnod
1652 4239 1744 4319 dile·

122 4358 200 4434 um
216 4354 314 4432 filius
330 4352 469 4455 Jodcnn
488 4359 668 4448 Bruttelin,
688 4359 893 4437 Monachus
915 4357 1123 4445 nonasterii
1146 4358 1358 4437 Sandorum
1379 4359 1543 4439 Oswaldi
1558 4362 1595 4439 dc
1613 4358 1746 4440 Marti·
1776 4386 1786 4393 ·

119 4476 161 4561 ni
181 4475 227 4557 in
247 4476 464 4575 Wingarten
488 4479 575 4561 dicti
597 4478 745 4562 Ordinis
766 4478 1051 4564 contutimus.
1066 4474 1252 4564 Dioecefis
1277 4479 1326 4560 nd
1347 4478 1464 4582 ipsum
1481 4477 1742 4702 Mfflfflffl
