<?xml version="1.0" encoding="UTF-8"?>
<!DOCTYPE html PUBLIC "-//W3C//DTD XHTML 1.0 Transitional//EN"
    "http://www.w3.org/TR/xhtml1/DTD/xhtml1-transitional.dtd">
<html xmlns="http://www.w3.org/1999/xhtml" xml:lang="en" lang="en">
 <head>
  <title>
</title>
<meta http-equiv="Content-Type" content="text/html;charset=utf-8" />
  <meta name='ocr-system' content='tesseract 3.04.00' />
  <meta name='ocr-capabilities' content='ocr_page ocr_carea ocr_par ocr_line ocrx_word'/>
</head>
<body>
  <div class='ocr_page' id='page_1' title='image "./prodromusmonume01hessgoog_0141.png"; bbox 0 0 3736 5160; ppageno 0'>
   <div class='ocr_carea' id='block_1_1' title="bbox 23 202 1755 514">
    <p class='ocr_par' dir='ltr' id='par_1_1' title="bbox 23 202 1755 514">
     <span class='ocr_line' id='line_1_1' title="bbox 23 202 1212 345; baseline 0 -27"><span class='ocrx_word' id='word_1_1' title='bbox 23 340 26 345; x_wconf 71' lang='lat'><em>,</em></span> <span class='ocrx_word' id='word_1_2' title='bbox 120 244 189 318; x_wconf 68' lang='lat'><strong>122</strong></span> <span class='ocrx_word' id='word_1_3' title='bbox 616 287 621 295; x_wconf 83' lang='lat'><em>-</em></span> <span class='ocrx_word' id='word_1_4' title='bbox 714 202 1146 333; x_wconf 28' lang='lat' dir='ltr'><strong>&#39;effle-</strong></span> <span class='ocrx_word' id='word_1_5' title='bbox 1208 212 1212 217; x_wconf 35' lang='grc'><strong>’</strong></span> 
     </span>
     <span class='ocr_line' id='line_1_2' title="bbox 117 416 1755 514; baseline -0.004 -13"><span class='ocrx_word' id='word_1_6' title='bbox 117 435 190 508; x_wconf 80' lang='lat' dir='ltr'><strong>rur,</strong></span> <span class='ocrx_word' id='word_1_7' title='bbox 214 416 323 501; x_wconf 76' lang='lat' dir='ltr'><strong>vertis</strong></span> <span class='ocrx_word' id='word_1_8' title='bbox 352 418 499 496; x_wconf 86' lang='lat' dir='ltr'><strong>interim</strong></span> <span class='ocrx_word' id='word_1_9' title='bbox 525 420 573 495; x_wconf 90' lang='lat' dir='ltr'><strong>ad</strong></span> <span class='ocrx_word' id='word_1_10' title='bbox 595 417 706 496; x_wconf 82' lang='lat' dir='ltr'><strong>altare</strong></span> <span class='ocrx_word' id='word_1_11' title='bbox 727 420 916 507; x_wconf 89' lang='lat' dir='ltr'><strong>omnibus,</strong></span> <span class='ocrx_word' id='word_1_12' title='bbox 946 420 1055 498; x_wconf 84' lang='lat' dir='ltr'><strong>&amp;de</strong></span> <span class='ocrx_word' id='word_1_13' title='bbox 1080 428 1202 495; x_wconf 89' lang='lat' dir='ltr'><strong>oetero</strong></span> <span class='ocrx_word' id='word_1_14' title='bbox 1222 418 1384 514; x_wconf 80' lang='lat' dir='ltr'><strong>exeeptis</strong></span> <span class='ocrx_word' id='word_1_15' title='bbox 1408 416 1592 495; x_wconf 69' lang='lat' dir='ltr'><strong>notionis</strong></span> <span class='ocrx_word' id='word_1_16' title='bbox 1612 417 1651 494; x_wconf 73' lang='grc' dir='ltr'><strong>δι</strong></span> <span class='ocrx_word' id='word_1_17' title='bbox 1670 436 1755 495; x_wconf 83' lang='lat' dir='ltr'><strong>rua·</strong></span> 
     </span>
    </p>
   </div>
   <div class='ocr_carea' id='block_1_2' title="bbox 118 537 1757 761">
    <p class='ocr_par' dir='ltr' id='par_1_2' title="bbox 118 537 1757 761">
     <span class='ocr_line' id='line_1_3' title="bbox 118 537 1757 637; baseline -0.002 -19"><span class='ocrx_word' id='word_1_18' title='bbox 118 553 201 631; x_wconf 50' lang='lat' dir='ltr'><strong>tut,</strong></span> <span class='ocrx_word' id='word_1_19' title='bbox 215 541 315 617; x_wconf 85' lang='lat' dir='ltr'><strong>nulia</strong></span> <span class='ocrx_word' id='word_1_20' title='bbox 340 540 513 635; x_wconf 78' lang='lat' dir='ltr'><strong>regularis</strong></span> <span class='ocrx_word' id='word_1_21' title='bbox 536 539 627 615; x_wconf 86' lang='lat' dir='ltr'><strong>hora</strong></span> <span class='ocrx_word' id='word_1_22' title='bbox 650 538 722 615; x_wconf 83' lang='lat' dir='ltr'><strong>aiio</strong></span> <span class='ocrx_word' id='word_1_23' title='bbox 748 542 858 617; x_wconf 87' lang='lat' dir='ltr'><strong>modo</strong></span> <span class='ocrx_word' id='word_1_24' title='bbox 882 539 1001 634; x_wconf 85' lang='lat' dir='ltr'><strong>agitur</strong></span> <span class='ocrx_word' id='word_1_25' title='bbox 1033 562 1146 637; x_wconf 86' lang='lat' dir='ltr'><strong>vsque</strong></span> <span class='ocrx_word' id='word_1_26' title='bbox 1170 540 1229 613; x_wconf 87' lang='lat' dir='ltr'><strong>&#39;ad</strong></span> <span class='ocrx_word' id='word_1_27' title='bbox 1260 538 1441 635; x_wconf 88' lang='lat' dir='ltr'><strong>vesperam</strong></span> <span class='ocrx_word' id='word_1_28' title='bbox 1469 538 1602 617; x_wconf 86' lang='lat' dir='ltr'><strong>sabbati</strong></span> <span class='ocrx_word' id='word_1_29' title='bbox 1628 537 1757 625; x_wconf 58' lang='lat' dir='ltr'><strong>santii.</strong></span> 
     </span>
     <span class='ocr_line' id='line_1_4' title="bbox 121 648 1538 761; baseline -0.007 -23"><span class='ocrx_word' id='word_1_30' title='bbox 121 666 353 760; x_wconf 72' lang='lat' dir='ltr'><strong>compatrum</strong></span> <span class='ocrx_word' id='word_1_31' title='bbox 378 660 431 737; x_wconf 80' lang='lat' dir='ltr'><strong>Pr</strong></span> <span class='ocrx_word' id='word_1_32' title='bbox 455 661 532 736; x_wconf 76' lang='lat' dir='ltr'><strong>tion</strong></span> <span class='ocrx_word' id='word_1_33' title='bbox 556 666 735 737; x_wconf 72' lang='lat' dir='ltr'><strong>inanum.</strong></span> <span class='ocrx_word' id='word_1_34' title='bbox 760 659 813 737; x_wconf 80' lang='lat' dir='ltr'><strong>Pr</strong></span> <span class='ocrx_word' id='word_1_35' title='bbox 840 659 880 736; x_wconf 85' lang='lat' dir='ltr'><strong>In</strong></span> <span class='ocrx_word' id='word_1_36' title='bbox 903 670 935 734; x_wconf 82' lang='lat' dir='ltr'><strong>te</strong></span> <span class='ocrx_word' id='word_1_37' title='bbox 958 662 1094 749; x_wconf 72' lang='lat' dir='ltr'><strong>danim,</strong></span> <span class='ocrx_word' id='word_1_38' title='bbox 1118 648 1245 758; x_wconf 76' lang='lat' dir='ltr'><strong>usque.</strong></span> <span class='ocrx_word' id='word_1_39' title='bbox 1271 661 1381 761; x_wconf 68' lang='lat' dir='ltr'><strong>Odq&#39;ir&#39;.</strong></span> <span class='ocrx_word' id='word_1_40' title='bbox 1413 698 1464 716; x_wconf 91' lang='lat'><em>-</em></span> <span class='ocrx_word' id='word_1_41' title='bbox 1486 699 1538 717; x_wconf 91' lang='lat'><em>-</em></span> 
     </span>
    </p>
   </div>
   <div class='ocr_carea' id='block_1_3' title="bbox 520 944 1341 1034">
    <p class='ocr_par' dir='ltr' id='par_1_3' title="bbox 520 944 1341 1034">
     <span class='ocr_line' id='line_1_5' title="bbox 520 944 1341 1034; baseline -0.005 0"><span class='ocrx_word' id='word_1_42' title='bbox 520 945 624 1033; x_wconf 90' lang='lat' dir='ltr'><strong>IN</strong></span> <span class='ocrx_word' id='word_1_43' title='bbox 706 944 1341 1034; x_wconf 86' lang='lat' dir='ltr'><strong>PARASCEVE.</strong></span> 
     </span>
    </p>
   </div>
   <div class='ocr_carea' id='block_1_4' title="bbox 10 1151 1757 4733">
    <p class='ocr_par' dir='ltr' id='par_1_4' title="bbox 217 1151 1757 1255">
     <span class='ocr_line' id='line_1_6' title="bbox 217 1151 1757 1255; baseline -0.001 -22"><span class='ocrx_word' id='word_1_44' title='bbox 217 1196 268 1247; x_wconf 52' lang='lat' dir='ltr'><strong>e-</strong></span> <span class='ocrx_word' id='word_1_45' title='bbox 315 1196 366 1213; x_wconf 93' lang='lat'>-</span> <span class='ocrx_word' id='word_1_46' title='bbox 413 1157 477 1233; x_wconf 82' lang='lat' dir='ltr'><strong>Ad</strong></span> <span class='ocrx_word' id='word_1_47' title='bbox 508 1157 662 1255; x_wconf 87' lang='lat' dir='ltr'>primam</span> <span class='ocrx_word' id='word_1_48' title='bbox 705 1162 811 1236; x_wconf 79' lang='lat' dir='ltr'><strong>rainu</strong></span> <span class='ocrx_word' id='word_1_49' title='bbox 842 1169 918 1235; x_wconf 85' lang='lat' dir='ltr'><strong>tam</strong></span> <span class='ocrx_word' id='word_1_50' title='bbox 951 1156 1016 1236; x_wconf 89' lang='lat' dir='ltr'><strong>diu</strong></span> <span class='ocrx_word' id='word_1_51' title='bbox 1046 1154 1203 1254; x_wconf 80' lang='lat' dir='ltr'><strong>percussa</strong></span> <span class='ocrx_word' id='word_1_52' title='bbox 1236 1152 1326 1230; x_wconf 85' lang='lat' dir='ltr'><strong>ficut</strong></span> <span class='ocrx_word' id='word_1_53' title='bbox 1363 1153 1528 1229; x_wconf 87' lang='lat' dir='ltr'><strong>hestemo</strong></span> <span class='ocrx_word' id='word_1_54' title='bbox 1558 1151 1619 1249; x_wconf 84' lang='lat' dir='ltr'><strong>die</strong></span> <span class='ocrx_word' id='word_1_55' title='bbox 1638 1152 1757 1250; x_wconf 75' lang='lat' dir='ltr'><strong>scida,</strong></span> 
     </span>
    </p>

    <p class='ocr_par' dir='ltr' id='par_1_5' title="bbox 10 1269 1756 4733">
     <span class='ocr_line' id='line_1_7' title="bbox 14 1269 1753 1380; baseline -0.002 -26"><span class='ocrx_word' id='word_1_56' title='bbox 14 1312 17 1318; x_wconf 55' lang='lat'><strong><em>¹</em></strong></span> <span class='ocrx_word' id='word_1_57' title='bbox 124 1298 253 1354; x_wconf 85' lang='lat' dir='ltr'><strong>omnes</strong></span> <span class='ocrx_word' id='word_1_58' title='bbox 277 1277 325 1352; x_wconf 89' lang='lat' dir='ltr'><strong>ad</strong></span> <span class='ocrx_word' id='word_1_59' title='bbox 357 1275 541 1355; x_wconf 80' lang='lat' dir='ltr'><strong>ecclesiam</strong></span> <span class='ocrx_word' id='word_1_60' title='bbox 571 1279 736 1374; x_wconf 69' lang='lat' dir='ltr'><strong>descoidati</strong></span> <span class='ocrx_word' id='word_1_61' title='bbox 760 1280 913 1356; x_wconf 84' lang='lat' dir='ltr'><strong>veniunt</strong></span> <span class='ocrx_word' id='word_1_62' title='bbox 937 1302 1049 1380; x_wconf 91' lang='lat' dir='ltr'><strong>quam</strong></span> <span class='ocrx_word' id='word_1_63' title='bbox 1079 1279 1118 1356; x_wconf 80' lang='lat' dir='ltr'><strong>tic</strong></span> <span class='ocrx_word' id='word_1_64' title='bbox 1142 1277 1276 1373; x_wconf 81' lang='lat' dir='ltr'>absque</span> <span class='ocrx_word' id='word_1_65' title='bbox 1300 1275 1450 1371; x_wconf 85' lang='lat' dir='ltr'><strong>Antipb.</strong></span> <span class='ocrx_word' id='word_1_66' title='bbox 1476 1269 1564 1350; x_wconf 78' lang='lat' dir='ltr'><strong>sicut</strong></span> <span class='ocrx_word' id='word_1_67' title='bbox 1587 1270 1626 1350; x_wconf 72' lang='lat' dir='ltr'><strong>u</strong></span> <span class='ocrx_word' id='word_1_68' title='bbox 1652 1286 1753 1350; x_wconf 82' lang='lat' dir='ltr'><strong>cete·</strong></span> 
     </span>
     <span class='ocr_line' id='line_1_8' title="bbox 32 1394 1753 1501; baseline -0.002 -28"><span class='ocrx_word' id='word_1_69' title='bbox 32 1471 36 1483; x_wconf 83' lang='grc'><strong>,</strong></span> <span class='ocrx_word' id='word_1_70' title='bbox 122 1421 184 1501; x_wconf 88' lang='lat' dir='ltr'><strong>ras</strong></span> <span class='ocrx_word' id='word_1_71' title='bbox 207 1396 316 1471; x_wconf 83' lang='lat' dir='ltr'><strong>horas</strong></span> <span class='ocrx_word' id='word_1_72' title='bbox 341 1408 500 1471; x_wconf 84' lang='lat' dir='ltr'><strong>cantant.</strong></span> <span class='ocrx_word' id='word_1_73' title='bbox 575 1399 657 1482; x_wconf 86' lang='lat' dir='ltr'><strong>Qua</strong></span> <span class='ocrx_word' id='word_1_74' title='bbox 688 1397 792 1474; x_wconf 87' lang='lat' dir='ltr'><strong>finita</strong></span> <span class='ocrx_word' id='word_1_75' title='bbox 825 1401 991 1475; x_wconf 85' lang='lat' dir='ltr'><strong>secuntur</strong></span> <span class='ocrx_word' id='word_1_76' title='bbox 1015 1394 1201 1475; x_wconf 77' lang='lat' dir='ltr'><strong>manifeste</strong></span> <span class='ocrx_word' id='word_1_77' title='bbox 1228 1395 1303 1473; x_wconf 85' lang='lat' dir='ltr'><strong>VII.</strong></span> <span class='ocrx_word' id='word_1_78' title='bbox 1339 1395 1463 1492; x_wconf 79' lang='lat' dir='ltr'>psalmi</span> <span class='ocrx_word' id='word_1_79' title='bbox 1495 1419 1580 1472; x_wconf 91' lang='lat' dir='ltr'><strong>cum</strong></span> <span class='ocrx_word' id='word_1_80' title='bbox 1611 1394 1753 1470; x_wconf 88' lang='lat' dir='ltr'><strong>letania</strong></span> 
     </span>
     <span class='ocr_line' id='line_1_9' title="bbox 122 1513 1752 1618; baseline -0.001 -28"><span class='ocrx_word' id='word_1_81' title='bbox 122 1515 213 1593; x_wconf 76' lang='lat' dir='ltr'><strong>neor</strong></span> <span class='ocrx_word' id='word_1_82' title='bbox 238 1515 275 1592; x_wconf 70' lang='grc' dir='ltr'>ἃ</span> <span class='ocrx_word' id='word_1_83' title='bbox 298 1518 336 1592; x_wconf 90' lang='lat' dir='ltr'><strong>in</strong></span> <span class='ocrx_word' id='word_1_84' title='bbox 363 1515 470 1613; x_wconf 84' lang='lat' dir='ltr'>priori</span> <span class='ocrx_word' id='word_1_85' title='bbox 502 1515 576 1591; x_wconf 90' lang='lat' dir='ltr'><strong>die.</strong></span> <span class='ocrx_word' id='word_1_86' title='bbox 627 1516 774 1611; x_wconf 84' lang='lat' dir='ltr'><strong>Exeunt</strong></span> <span class='ocrx_word' id='word_1_87' title='bbox 798 1520 927 1595; x_wconf 87' lang='lat' dir='ltr'><strong>fratres</strong></span> <span class='ocrx_word' id='word_1_88' title='bbox 952 1528 988 1594; x_wconf 85' lang='lat' dir='ltr'><strong>in</strong></span> <span class='ocrx_word' id='word_1_89' title='bbox 1013 1521 1173 1618; x_wconf 78' lang='lat' dir='ltr'><strong>ciorflnon</strong></span> <span class='ocrx_word' id='word_1_90' title='bbox 1198 1513 1397 1602; x_wconf 84' lang='lat' dir='ltr'><strong>confidere,</strong></span> <span class='ocrx_word' id='word_1_91' title='bbox 1444 1513 1752 1593; x_wconf 84' lang='lat' dir='ltr'><strong>&amp;communiter</strong></span> 
     </span>
     <span class='ocr_line' id='line_1_10' title="bbox 123 1632 1751 1735; baseline -0.004 -23"><span class='ocrx_word' id='word_1_92' title='bbox 123 1648 222 1712; x_wconf 81' lang='lat' dir='ltr'><strong>rorum</strong></span> <span class='ocrx_word' id='word_1_93' title='bbox 242 1637 420 1734; x_wconf 78' lang='lat' dir='ltr'><strong>psalterium</strong></span> <span class='ocrx_word' id='word_1_94' title='bbox 452 1638 624 1712; x_wconf 71' lang='lat' dir='ltr'><strong>domiuo</strong></span> <span class='ocrx_word' id='word_1_95' title='bbox 698 1638 889 1715; x_wconf 84' lang='lat' dir='ltr'><strong>Armarius</strong></span> <span class='ocrx_word' id='word_1_96' title='bbox 920 1649 1045 1714; x_wconf 88' lang='lat' dir='ltr'><strong>autem</strong></span> <span class='ocrx_word' id='word_1_97' title='bbox 1078 1635 1196 1712; x_wconf 86' lang='lat' dir='ltr'><strong>statim</strong></span> <span class='ocrx_word' id='word_1_98' title='bbox 1220 1632 1295 1735; x_wconf 90' lang='lat' dir='ltr'><strong>post</strong></span> <span class='ocrx_word' id='word_1_99' title='bbox 1318 1634 1459 1709; x_wconf 87' lang='lat' dir='ltr'><strong>exitum</strong></span> <span class='ocrx_word' id='word_1_100' title='bbox 1481 1633 1625 1709; x_wconf 85' lang='lat' dir='ltr'><strong>iliorum</strong></span> <span class='ocrx_word' id='word_1_101' title='bbox 1657 1638 1751 1709; x_wconf 82' lang='lat' dir='ltr'><strong>libror</strong></span> 
     </span>
     <span class='ocr_line' id='line_1_11' title="bbox 122 1751 1751 1855; baseline -0.003 -22"><span class='ocrx_word' id='word_1_102' title='bbox 122 1759 266 1834; x_wconf 74' lang='lat' dir='ltr'><strong>tutudit.</strong></span> <span class='ocrx_word' id='word_1_103' title='bbox 330 1753 507 1831; x_wconf 84' lang='lat' dir='ltr'><strong>Custodes</strong></span> <span class='ocrx_word' id='word_1_104' title='bbox 531 1779 675 1855; x_wconf 91' lang='lat' dir='ltr'><strong>quoque</strong></span> <span class='ocrx_word' id='word_1_105' title='bbox 711 1757 857 1835; x_wconf 87' lang='lat' dir='ltr'><strong>ecclefie</strong></span> <span class='ocrx_word' id='word_1_106' title='bbox 894 1762 1015 1835; x_wconf 78' lang='lat' dir='ltr'><strong>mobilia</strong></span> <span class='ocrx_word' id='word_1_107' title='bbox 1042 1767 1238 1844; x_wconf 71' lang='lat' dir='ltr'><strong>naumann,</strong></span> <span class='ocrx_word' id='word_1_108' title='bbox 1280 1755 1351 1852; x_wconf 77' lang='lat' dir='ltr'><strong>que</strong></span> <span class='ocrx_word' id='word_1_109' title='bbox 1382 1778 1406 1828; x_wconf 88' lang='lat' dir='ltr'><strong>a</strong></span> <span class='ocrx_word' id='word_1_110' title='bbox 1437 1751 1584 1850; x_wconf 87' lang='lat' dir='ltr'><strong>puluere</strong></span> <span class='ocrx_word' id='word_1_111' title='bbox 1609 1752 1751 1850; x_wconf 75' lang='lat' dir='ltr'><strong>potsunt</strong></span> 
     </span>
     <span class='ocr_line' id='line_1_12' title="bbox 122 1874 1749 1974; baseline -0.003 -20"><span class='ocrx_word' id='word_1_112' title='bbox 122 1875 197 1955; x_wconf 84' lang='lat' dir='ltr'><strong>ledi</strong></span> <span class='ocrx_word' id='word_1_113' title='bbox 222 1874 420 1964; x_wconf 76' lang='lat' dir='ltr'><strong>aurierunt,</strong></span> <span class='ocrx_word' id='word_1_114' title='bbox 444 1879 608 1952; x_wconf 79' lang='lat' dir='ltr'><em>immobilia</em></span> <span class='ocrx_word' id='word_1_115' title='bbox 631 1900 716 1955; x_wconf 88' lang='lat' dir='ltr'><strong>vero</strong></span> <span class='ocrx_word' id='word_1_116' title='bbox 739 1885 889 1956; x_wconf 74' lang='lat' dir='ltr'><strong>munina</strong></span> <span class='ocrx_word' id='word_1_117' title='bbox 909 1885 1008 1974; x_wconf 54' lang='lat' dir='ltr'><strong>digno</strong></span> <span class='ocrx_word' id='word_1_118' title='bbox 1031 1875 1205 1972; x_wconf 74' lang='lat' dir='ltr'><strong>drfmdunt.</strong></span> <span class='ocrx_word' id='word_1_119' title='bbox 1260 1874 1357 1951; x_wconf 89' lang='lat' dir='ltr'><strong>Narn</strong></span> <span class='ocrx_word' id='word_1_120' title='bbox 1378 1885 1467 1951; x_wconf 86' lang='lat' dir='ltr'><strong>tunc</strong></span> <span class='ocrx_word' id='word_1_121' title='bbox 1492 1898 1514 1949; x_wconf 90' lang='lat' dir='ltr'><strong>a</strong></span> <span class='ocrx_word' id='word_1_122' title='bbox 1529 1874 1668 1970; x_wconf 71' lang='lat' dir='ltr'><strong>formiis</strong></span> <span class='ocrx_word' id='word_1_123' title='bbox 1692 1877 1749 1949; x_wconf 80' lang='lat' dir='ltr'><strong>ric·</strong></span> 
     </span>
     <span class='ocr_line' id='line_1_13' title="bbox 123 1993 1751 2096; baseline -0.003 -23"><span class='ocrx_word' id='word_1_124' title='bbox 123 1996 276 2093; x_wconf 81' lang='lat' dir='ltr'><strong>mosmorii</strong></span> <span class='ocrx_word' id='word_1_125' title='bbox 298 1998 397 2093; x_wconf 76' lang='lat' dir='ltr'><strong>major</strong></span> <span class='ocrx_word' id='word_1_126' title='bbox 420 1993 535 2089; x_wconf 76' lang='lat' dir='ltr'><strong>ecclesio</strong></span> <span class='ocrx_word' id='word_1_127' title='bbox 546 1996 711 2094; x_wconf 82' lang='lat' dir='ltr'><em>scopatur,</em></span> <span class='ocrx_word' id='word_1_128' title='bbox 752 2000 795 2087; x_wconf 66' lang='lat' dir='ltr'><strong>i?</strong></span> <span class='ocrx_word' id='word_1_129' title='bbox 811 2002 907 2095; x_wconf 77' lang='lat' dir='ltr'><strong>jiouo</strong></span> <span class='ocrx_word' id='word_1_130' title='bbox 922 1999 1097 2095; x_wconf 69' lang='lat' dir='ltr'><strong>stanno:</strong></span> <span class='ocrx_word' id='word_1_131' title='bbox 1136 1998 1235 2096; x_wconf 91' lang='lat' dir='ltr'><strong>quod</strong></span> <span class='ocrx_word' id='word_1_132' title='bbox 1262 1997 1299 2073; x_wconf 75' lang='lat' dir='ltr'><strong>ot</strong></span> <span class='ocrx_word' id='word_1_133' title='bbox 1322 1993 1443 2092; x_wconf 87' lang='lat' dir='ltr'><strong>postea</strong></span> <span class='ocrx_word' id='word_1_134' title='bbox 1461 2010 1520 2092; x_wconf 86' lang='lat' dir='ltr'><strong>per</strong></span> <span class='ocrx_word' id='word_1_135' title='bbox 1542 2005 1643 2069; x_wconf 70' lang='lat' dir='ltr'><strong>toton</strong></span> <span class='ocrx_word' id='word_1_136' title='bbox 1666 1998 1751 2069; x_wconf 73' lang='lat' dir='ltr'><strong>ciur-</strong></span> 
     </span>
     <span class='ocr_line' id='line_1_14' title="bbox 113 2113 1752 2222; baseline -0.002 -31"><span class='ocrx_word' id='word_1_137' title='bbox 113 2120 217 2222; x_wconf 70' lang='lat' dir='ltr'><strong>snam</strong></span> <span class='ocrx_word' id='word_1_138' title='bbox 240 2123 390 2211; x_wconf 72' lang='lat' dir='ltr'><strong>agitur„</strong></span> <span class='ocrx_word' id='word_1_139' title='bbox 412 2114 569 2214; x_wconf 90' lang='lat' dir='ltr'><strong>ideoque</strong></span> <span class='ocrx_word' id='word_1_140' title='bbox 590 2118 702 2194; x_wconf 88' lang='lat' dir='ltr'><strong>tercia</strong></span> <span class='ocrx_word' id='word_1_141' title='bbox 737 2122 775 2198; x_wconf 74' lang='lat' dir='ltr'><strong>or</strong></span> <span class='ocrx_word' id='word_1_142' title='bbox 800 2116 824 2195; x_wconf 86' lang='lat' dir='ltr'>fi</span> <span class='ocrx_word' id='word_1_143' title='bbox 853 2144 944 2218; x_wconf 88' lang='lat' dir='ltr'><strong>opus</strong></span> <span class='ocrx_word' id='word_1_144' title='bbox 969 2116 1020 2194; x_wconf 86' lang='lat' dir='ltr'><strong>est</strong></span> <span class='ocrx_word' id='word_1_145' title='bbox 1044 2118 1116 2195; x_wconf 89' lang='lat' dir='ltr'><strong>due</strong></span> <span class='ocrx_word' id='word_1_146' title='bbox 1139 2116 1328 2215; x_wconf 86' lang='lat' dir='ltr'><strong>sequentes</strong></span> <span class='ocrx_word' id='word_1_147' title='bbox 1360 2113 1449 2190; x_wconf 91' lang='lat' dir='ltr'><strong>hore</strong></span> <span class='ocrx_word' id='word_1_148' title='bbox 1472 2117 1514 2190; x_wconf 87' lang='lat' dir='ltr'><strong>ud</strong></span> <span class='ocrx_word' id='word_1_149' title='bbox 1540 2114 1584 2190; x_wconf 68' lang='lat' dir='ltr'><strong>S:</strong></span> <span class='ocrx_word' id='word_1_150' title='bbox 1605 2114 1752 2188; x_wconf 78' lang='lat' dir='ltr'><strong>Marion</strong></span> 
     </span>
     <span class='ocr_line' id='line_1_15' title="bbox 125 2235 1751 2336; baseline -0.002 -24"><span class='ocrx_word' id='word_1_151' title='bbox 125 2248 338 2321; x_wconf 82' lang='lat' dir='ltr'><strong>cantantur,</strong></span> <span class='ocrx_word' id='word_1_152' title='bbox 378 2246 464 2328; x_wconf 89' lang='lat' dir='ltr'><strong>ante</strong></span> <span class='ocrx_word' id='word_1_153' title='bbox 497 2236 646 2314; x_wconf 83' lang='lat' dir='ltr'><strong>terciam</strong></span> <span class='ocrx_word' id='word_1_154' title='bbox 682 2238 803 2317; x_wconf 88' lang='lat' dir='ltr'><strong>tabula</strong></span> <span class='ocrx_word' id='word_1_155' title='bbox 828 2239 1047 2336; x_wconf 87' lang='lat' dir='ltr'><strong>percutitur,</strong></span> <span class='ocrx_word' id='word_1_156' title='bbox 1086 2237 1146 2312; x_wconf 89' lang='lat' dir='ltr'><strong>sed</strong></span> <span class='ocrx_word' id='word_1_157' title='bbox 1182 2238 1438 2312; x_wconf 87' lang='lat' dir='ltr'><strong>tantummodo</strong></span> <span class='ocrx_word' id='word_1_158' title='bbox 1469 2236 1517 2312; x_wconf 87' lang='lat' dir='ltr'><strong>ad</strong></span> <span class='ocrx_word' id='word_1_159' title='bbox 1539 2235 1751 2310; x_wconf 79' lang='lat' dir='ltr'><strong>leuandum.</strong></span> 
     </span>
     <span class='ocr_line' id='line_1_16' title="bbox 124 2344 1752 2457; baseline -0.005 -23"><span class='ocrx_word' id='word_1_160' title='bbox 124 2357 260 2435; x_wconf 84' lang='lat' dir='ltr'><strong>Iterum</strong></span> <span class='ocrx_word' id='word_1_161' title='bbox 284 2354 483 2451; x_wconf 89' lang='lat' dir='ltr'><strong>percutitur</strong></span> <span class='ocrx_word' id='word_1_162' title='bbox 508 2356 554 2429; x_wconf 93' lang='lat' dir='ltr'><strong>ad</strong></span> <span class='ocrx_word' id='word_1_163' title='bbox 579 2358 785 2434; x_wconf 87' lang='lat' dir='ltr'><strong>oracionem</strong></span> <span class='ocrx_word' id='word_1_164' title='bbox 807 2358 1013 2457; x_wconf 85' lang='lat' dir='ltr'><strong>iterumque</strong></span> <span class='ocrx_word' id='word_1_165' title='bbox 1037 2358 1085 2432; x_wconf 88' lang='lat' dir='ltr'><strong>ad</strong></span> <span class='ocrx_word' id='word_1_166' title='bbox 1107 2354 1268 2432; x_wconf 89' lang='lat' dir='ltr'><strong>terciam.</strong></span> <span class='ocrx_word' id='word_1_167' title='bbox 1333 2344 1576 2452; x_wconf 75' lang='lat' dir='ltr'><strong>Adcapcutan</strong></span> <span class='ocrx_word' id='word_1_168' title='bbox 1598 2354 1693 2452; x_wconf 70' lang='lat' dir='ltr'><strong>prius·</strong></span> <span class='ocrx_word' id='word_1_169' title='bbox 1715 2354 1752 2426; x_wconf 83' lang='lat' dir='ltr'><strong>de</strong></span> 
     </span>
     <span class='ocr_line' id='line_1_17' title="bbox 124 2476 1751 2575; baseline -0.005 -21"><span class='ocrx_word' id='word_1_170' title='bbox 124 2480 228 2555; x_wconf 80' lang='lat' dir='ltr'><strong>ordine</strong></span> <span class='ocrx_word' id='word_1_171' title='bbox 253 2496 347 2569; x_wconf 71' lang='lat' dir='ltr'><strong>usque</strong></span> <span class='ocrx_word' id='word_1_172' title='bbox 371 2480 404 2547; x_wconf 87' lang='lat' dir='ltr'><strong>in</strong></span> <span class='ocrx_word' id='word_1_173' title='bbox 430 2476 592 2575; x_wconf 70' lang='lat' dir='ltr'><strong>crastinam</strong></span> <span class='ocrx_word' id='word_1_174' title='bbox 615 2480 729 2571; x_wconf 81' lang='lat' dir='ltr'><strong>agendo</strong></span> <span class='ocrx_word' id='word_1_175' title='bbox 751 2478 792 2570; x_wconf 80' lang='lat' dir='ltr'><strong>est</strong></span> <span class='ocrx_word' id='word_1_176' title='bbox 820 2480 1102 2575; x_wconf 72' lang='lat' dir='ltr'><strong>pronunciandum,</strong></span> <span class='ocrx_word' id='word_1_177' title='bbox 1142 2479 1245 2548; x_wconf 83' lang='lat' dir='ltr'><strong>deinde</strong></span> <span class='ocrx_word' id='word_1_178' title='bbox 1277 2478 1312 2550; x_wconf 86' lang='lat' dir='ltr'><strong>dr</strong></span> <span class='ocrx_word' id='word_1_179' title='bbox 1344 2482 1479 2571; x_wconf 76' lang='lat' dir='ltr'><strong>regnari</strong></span> <span class='ocrx_word' id='word_1_180' title='bbox 1501 2476 1656 2571; x_wconf 73' lang='lat' dir='ltr'><strong>disciplina</strong></span> <span class='ocrx_word' id='word_1_181' title='bbox 1678 2483 1751 2547; x_wconf 79' lang='lat' dir='ltr'><strong>tra·</strong></span> 
     </span>
     <span class='ocr_line' id='line_1_18' title="bbox 124 2592 1754 2693; baseline -0.002 -19"><span class='ocrx_word' id='word_1_182' title='bbox 124 2596 277 2674; x_wconf 65' lang='lat' dir='ltr'><strong>aaron</strong></span> <span class='ocrx_word' id='word_1_183' title='bbox 329 2592 451 2668; x_wconf 79' lang='lat' dir='ltr'><strong>Finito</strong></span> <span class='ocrx_word' id='word_1_184' title='bbox 476 2593 633 2691; x_wconf 86' lang='lat' dir='ltr'><strong>capitulo</strong></span> <span class='ocrx_word' id='word_1_185' title='bbox 658 2599 775 2673; x_wconf 71' lang='lat' dir='ltr'><strong>debunt</strong></span> <span class='ocrx_word' id='word_1_186' title='bbox 797 2607 922 2672; x_wconf 70' lang='lat' dir='ltr'><strong>rocon</strong></span> <span class='ocrx_word' id='word_1_187' title='bbox 948 2595 1031 2672; x_wconf 89' lang='lat' dir='ltr'><strong>Post</strong></span> <span class='ocrx_word' id='word_1_188' title='bbox 1049 2595 1111 2674; x_wconf 82' lang='lat' dir='ltr'><strong>VI.</strong></span> <span class='ocrx_word' id='word_1_189' title='bbox 1131 2607 1277 2693; x_wconf 89' lang='lat' dir='ltr'><strong>paratur</strong></span> <span class='ocrx_word' id='word_1_190' title='bbox 1293 2621 1371 2670; x_wconf 80' lang='lat' dir='ltr'><strong>nux</strong></span> <span class='ocrx_word' id='word_1_191' title='bbox 1391 2593 1498 2692; x_wconf 86' lang='lat' dir='ltr'><strong>juxta</strong></span> <span class='ocrx_word' id='word_1_192' title='bbox 1517 2594 1630 2672; x_wconf 87' lang='lat' dir='ltr'><strong>altare</strong></span> <span class='ocrx_word' id='word_1_193' title='bbox 1651 2592 1754 2693; x_wconf 87' lang='lat' dir='ltr'><strong>quod</strong></span> 
     </span>
     <span class='ocr_line' id='line_1_19' title="bbox 123 2709 1753 2812; baseline -0.003 -18"><span class='ocrx_word' id='word_1_194' title='bbox 123 2712 178 2794; x_wconf 68' lang='lat' dir='ltr'><strong>est·</strong></span> <span class='ocrx_word' id='word_1_195' title='bbox 201 2710 306 2790; x_wconf 81' lang='lat' dir='ltr'><strong>fitum</strong></span> <span class='ocrx_word' id='word_1_196' title='bbox 332 2719 366 2788; x_wconf 86' lang='lat' dir='ltr'><strong>in</strong></span> <span class='ocrx_word' id='word_1_197' title='bbox 389 2715 496 2788; x_wconf 77' lang='lat' dir='ltr'><strong>dextro</strong></span> <span class='ocrx_word' id='word_1_198' title='bbox 522 2709 605 2805; x_wconf 74' lang='lat' dir='ltr'><strong>cion·</strong></span> <span class='ocrx_word' id='word_1_199' title='bbox 629 2720 733 2789; x_wconf 82' lang='lat' dir='ltr'><strong>tatere.</strong></span> <span class='ocrx_word' id='word_1_200' title='bbox 783 2714 864 2790; x_wconf 83' lang='lat' dir='ltr'><strong>Post</strong></span> <span class='ocrx_word' id='word_1_201' title='bbox 887 2738 1023 2791; x_wconf 91' lang='lat' dir='ltr'><strong>nonam</strong></span> <span class='ocrx_word' id='word_1_202' title='bbox 1052 2738 1181 2790; x_wconf 91' lang='lat' dir='ltr'><strong>omnes</strong></span> <span class='ocrx_word' id='word_1_203' title='bbox 1207 2713 1343 2789; x_wconf 82' lang='lat' dir='ltr'><strong>debent</strong></span> <span class='ocrx_word' id='word_1_204' title='bbox 1371 2719 1448 2790; x_wconf 79' lang='lat' dir='ltr'><strong>cibis</strong></span> <span class='ocrx_word' id='word_1_205' title='bbox 1473 2713 1589 2791; x_wconf 82' lang='lat' dir='ltr'><strong>vestiri</strong></span> <span class='ocrx_word' id='word_1_206' title='bbox 1614 2712 1679 2812; x_wconf 92' lang='lat' dir='ltr'><strong>qui</strong></span> <span class='ocrx_word' id='word_1_207' title='bbox 1704 2710 1753 2789; x_wconf 84' lang='lat' dir='ltr'><strong>ad</strong></span> 
     </span>
     <span class='ocr_line' id='line_1_20' title="bbox 12 2831 1753 2934; baseline -0.002 -23"><span class='ocrx_word' id='word_1_208' title='bbox 12 2906 22 2921; x_wconf 85' lang='grc'><em>,</em></span> <span class='ocrx_word' id='word_1_209' title='bbox 126 2834 286 2913; x_wconf 86' lang='lat' dir='ltr'><strong>officium</strong></span> <span class='ocrx_word' id='word_1_210' title='bbox 312 2835 389 2930; x_wconf 79' lang='lat' dir='ltr'><strong>qood</strong></span> <span class='ocrx_word' id='word_1_211' title='bbox 420 2840 454 2909; x_wconf 83' lang='lat' dir='ltr'><strong>in</strong></span> <span class='ocrx_word' id='word_1_212' title='bbox 482 2839 542 2911; x_wconf 83' lang='lat' dir='ltr'><strong>ioco</strong></span> <span class='ocrx_word' id='word_1_213' title='bbox 562 2831 645 2932; x_wconf 80' lang='lat' dir='ltr'><strong>nuffe</strong></span> <span class='ocrx_word' id='word_1_214' title='bbox 674 2835 892 2922; x_wconf 84' lang='lat' dir='ltr'><strong>celebratur,</strong></span> <span class='ocrx_word' id='word_1_215' title='bbox 917 2836 1052 2934; x_wconf 83' lang='lat' dir='ltr'><strong>aliquid</strong></span> <span class='ocrx_word' id='word_1_216' title='bbox 1077 2837 1158 2910; x_wconf 88' lang='lat' dir='ltr'><strong>sunt</strong></span> <span class='ocrx_word' id='word_1_217' title='bbox 1190 2833 1317 2917; x_wconf 76' lang='lat' dir='ltr'><strong>aiiori,</strong></span> <span class='ocrx_word' id='word_1_218' title='bbox 1344 2833 1381 2907; x_wconf 91' lang='lat' dir='ltr'><strong>id</strong></span> <span class='ocrx_word' id='word_1_219' title='bbox 1408 2835 1459 2909; x_wconf 85' lang='lat' dir='ltr'><strong>eii</strong></span> <span class='ocrx_word' id='word_1_220' title='bbox 1479 2846 1635 2932; x_wconf 90' lang='lat' dir='ltr'><strong>quatuor</strong></span> <span class='ocrx_word' id='word_1_221' title='bbox 1661 2833 1753 2909; x_wconf 84' lang='lat' dir='ltr'><strong>altu·</strong></span> 
     </span>
     <span class='ocr_line' id='line_1_21' title="bbox 124 2951 1754 3050; baseline -0.002 -17"><span class='ocrx_word' id='word_1_222' title='bbox 124 2957 176 3033; x_wconf 90' lang='lat' dir='ltr'><strong>ris</strong></span> <span class='ocrx_word' id='word_1_223' title='bbox 200 2951 370 3039; x_wconf 85' lang='lat' dir='ltr'><strong>ministri,</strong></span> <span class='ocrx_word' id='word_1_224' title='bbox 394 2951 491 3027; x_wconf 86' lang='lat' dir='ltr'><strong>inter</strong></span> <span class='ocrx_word' id='word_1_225' title='bbox 514 2974 606 3050; x_wconf 87' lang='lat' dir='ltr'><strong>quos</strong></span> <span class='ocrx_word' id='word_1_226' title='bbox 631 2952 705 3027; x_wconf 92' lang='lat' dir='ltr'><strong>duo</strong></span> <span class='ocrx_word' id='word_1_227' title='bbox 728 2956 863 3030; x_wconf 66' lang='lat' dir='ltr'><strong>edium</strong></span> <span class='ocrx_word' id='word_1_228' title='bbox 891 2957 997 3032; x_wconf 70' lang='lat' dir='ltr'><strong>amri</strong></span> <span class='ocrx_word' id='word_1_229' title='bbox 1016 2953 1111 3031; x_wconf 87' lang='lat' dir='ltr'><strong>infra</strong></span> <span class='ocrx_word' id='word_1_230' title='bbox 1131 2953 1327 3050; x_wconf 88' lang='lat' dir='ltr'><strong>paffionem</strong></span> <span class='ocrx_word' id='word_1_231' title='bbox 1348 2952 1489 3046; x_wconf 78' lang='lat' dir='ltr'><strong>finderet</strong></span> <span class='ocrx_word' id='word_1_232' title='bbox 1518 2954 1599 3029; x_wconf 87' lang='lat' dir='ltr'><strong>sunt</strong></span> <span class='ocrx_word' id='word_1_233' title='bbox 1627 2952 1754 3029; x_wconf 79' lang='lat' dir='ltr'><strong>distra-</strong></span> 
     </span>
     <span class='ocr_line' id='line_1_22' title="bbox 127 3071 1753 3173; baseline 0 -21"><span class='ocrx_word' id='word_1_234' title='bbox 127 3074 236 3162; x_wconf 80' lang='lat' dir='ltr'><strong>itori,</strong></span> <span class='ocrx_word' id='word_1_235' title='bbox 262 3074 336 3149; x_wconf 89' lang='lat' dir='ltr'><strong>duo</strong></span> <span class='ocrx_word' id='word_1_236' title='bbox 361 3071 408 3148; x_wconf 89' lang='lat' dir='ltr'><strong>ad</strong></span> <span class='ocrx_word' id='word_1_237' title='bbox 439 3071 596 3161; x_wconf 64' lang='lat' dir='ltr'><strong>Padurn,</strong></span> <span class='ocrx_word' id='word_1_238' title='bbox 621 3072 695 3147; x_wconf 91' lang='lat' dir='ltr'><strong>duo</strong></span> <span class='ocrx_word' id='word_1_239' title='bbox 719 3096 767 3149; x_wconf 87' lang='lat' dir='ltr'><strong>ex</strong></span> <span class='ocrx_word' id='word_1_240' title='bbox 790 3074 986 3151; x_wconf 87' lang='lat' dir='ltr'><strong>senioribus</strong></span> <span class='ocrx_word' id='word_1_241' title='bbox 1014 3071 1212 3173; x_wconf 88' lang='lat' dir='ltr'><strong>presbiteri.</strong></span> <span class='ocrx_word' id='word_1_242' title='bbox 1262 3072 1351 3150; x_wconf 82' lang='lat' dir='ltr'><strong>Ant.</strong></span> <span class='ocrx_word' id='word_1_243' title='bbox 1368 3080 1475 3171; x_wconf 79' lang='lat' dir='ltr'><strong>popule</strong></span> <span class='ocrx_word' id='word_1_244' title='bbox 1496 3097 1598 3159; x_wconf 81' lang='lat' dir='ltr'><strong>meru,</strong></span> <span class='ocrx_word' id='word_1_245' title='bbox 1626 3088 1753 3151; x_wconf 80' lang='lat' dir='ltr'><strong>canta·</strong></span> 
     </span>
     <span class='ocr_line' id='line_1_23' title="bbox 126 3160 1750 3294; baseline -0.002 -22"><span class='ocrx_word' id='word_1_246' title='bbox 126 3204 207 3281; x_wconf 88' lang='lat' dir='ltr'><strong>tur,</strong></span> <span class='ocrx_word' id='word_1_247' title='bbox 237 3194 312 3269; x_wconf 87' lang='lat' dir='ltr'><strong>duo</strong></span> <span class='ocrx_word' id='word_1_248' title='bbox 334 3189 526 3285; x_wconf 81' lang='lat' dir='ltr'><strong>cujustibet</strong></span> <span class='ocrx_word' id='word_1_249' title='bbox 553 3188 622 3266; x_wconf 80' lang='lat' dir='ltr'><strong>ssot</strong></span> <span class='ocrx_word' id='word_1_250' title='bbox 642 3191 782 3267; x_wconf 86' lang='lat' dir='ltr'><strong>ordinis</strong></span> <span class='ocrx_word' id='word_1_251' title='bbox 811 3215 896 3270; x_wconf 87' lang='lat' dir='ltr'><strong>cum</strong></span> <span class='ocrx_word' id='word_1_252' title='bbox 917 3192 1076 3270; x_wconf 80' lang='lat' dir='ltr'><strong>versibus</strong></span> <span class='ocrx_word' id='word_1_253' title='bbox 1099 3160 1192 3289; x_wconf 60' lang='lat' dir='ltr'><strong>ipos</strong></span> <span class='ocrx_word' id='word_1_254' title='bbox 1219 3194 1351 3294; x_wconf 78' lang='lat' dir='ltr'><strong>(agios)</strong></span> <span class='ocrx_word' id='word_1_255' title='bbox 1374 3192 1446 3271; x_wconf 88' lang='lat' dir='ltr'><strong>hiis</strong></span> <span class='ocrx_word' id='word_1_256' title='bbox 1468 3191 1750 3293; x_wconf 87' lang='lat' dir='ltr'><strong>responsuriqui</strong></span> 
     </span>
     <span class='ocr_line' id='line_1_24' title="bbox 127 3309 1751 3414; baseline 0 -26"><span class='ocrx_word' id='word_1_257' title='bbox 127 3315 165 3393; x_wconf 76' lang='grc' dir='ltr'><strong>δι</strong></span> <span class='ocrx_word' id='word_1_258' title='bbox 190 3312 311 3414; x_wconf 83' lang='lat' dir='ltr'><strong>postea</strong></span> <span class='ocrx_word' id='word_1_259' title='bbox 335 3309 494 3394; x_wconf 84' lang='lat' dir='ltr'><strong>versum,</strong></span> <span class='ocrx_word' id='word_1_260' title='bbox 520 3311 606 3385; x_wconf 72' lang='lat' dir='ltr'><strong>(bru</strong></span> <span class='ocrx_word' id='word_1_261' title='bbox 618 3309 724 3402; x_wconf 79' lang='lat' dir='ltr'><strong>fidelis</strong></span> <span class='ocrx_word' id='word_1_262' title='bbox 745 3310 949 3408; x_wconf 89' lang='lat' dir='ltr'><strong>precenturi</strong></span> <span class='ocrx_word' id='word_1_263' title='bbox 974 3311 1066 3387; x_wconf 74' lang='lat' dir='ltr'><strong>sunt.</strong></span> <span class='ocrx_word' id='word_1_264' title='bbox 1134 3312 1261 3388; x_wconf 82' lang='lat' dir='ltr'><strong>Postea</strong></span> <span class='ocrx_word' id='word_1_265' title='bbox 1287 3325 1362 3389; x_wconf 89' lang='lat' dir='ltr'><strong>tres</strong></span> <span class='ocrx_word' id='word_1_266' title='bbox 1396 3313 1555 3389; x_wconf 79' lang='lat' dir='ltr'><strong>conuerfi</strong></span> <span class='ocrx_word' id='word_1_267' title='bbox 1578 3337 1648 3388; x_wconf 80' lang='lat' dir='ltr'><strong>non</strong></span> <span class='ocrx_word' id='word_1_268' title='bbox 1673 3334 1751 3412; x_wconf 77' lang='lat' dir='ltr'><strong>opu</strong></span> 
     </span>
     <span class='ocr_line' id='line_1_25' title="bbox 51 3418 1754 3530; baseline 0 -20"><span class='ocrx_word' id='word_1_269' title='bbox 51 3508 55 3519; x_wconf 81' lang='lat'>.</span> <span class='ocrx_word' id='word_1_270' title='bbox 125 3432 275 3513; x_wconf 68' lang='lat' dir='ltr'><strong>taurim</strong></span> <span class='ocrx_word' id='word_1_271' title='bbox 293 3452 379 3506; x_wconf 73' lang='lat' dir='ltr'><strong>curce</strong></span> <span class='ocrx_word' id='word_1_272' title='bbox 398 3418 447 3517; x_wconf 56' lang='grc' dir='ltr'><strong>ἐξ</strong></span> <span class='ocrx_word' id='word_1_273' title='bbox 460 3422 613 3504; x_wconf 71' lang='lat' dir='ltr'><strong>taurona</strong></span> <span class='ocrx_word' id='word_1_274' title='bbox 632 3433 673 3504; x_wconf 84' lang='lat' dir='ltr'><strong>ad</strong></span> <span class='ocrx_word' id='word_1_275' title='bbox 690 3438 790 3525; x_wconf 62' lang='grc' dir='ltr'><strong>ἱξηιηι</strong></span> <span class='ocrx_word' id='word_1_276' title='bbox 809 3454 920 3507; x_wconf 70' lang='lat' dir='ltr'><strong>nomm</strong></span> <span class='ocrx_word' id='word_1_277' title='bbox 935 3428 1120 3530; x_wconf 60' lang='lat' dir='ltr'><strong>P&#39;P&#39;ffl‘fis</strong></span> <span class='ocrx_word' id='word_1_278' title='bbox 1144 3431 1205 3508; x_wconf 85' lang='lat' dir='ltr'><strong>sed</strong></span> <span class='ocrx_word' id='word_1_279' title='bbox 1224 3456 1313 3508; x_wconf 90' lang='lat' dir='ltr'><strong>mox</strong></span> <span class='ocrx_word' id='word_1_280' title='bbox 1334 3432 1478 3508; x_wconf 83' lang='lat' dir='ltr'><strong>exituri.</strong></span> <span class='ocrx_word' id='word_1_281' title='bbox 1528 3432 1600 3518; x_wconf 88' lang='lat' dir='ltr'><strong>Qui</strong></span> <span class='ocrx_word' id='word_1_282' title='bbox 1621 3456 1754 3510; x_wconf 86' lang='lat' dir='ltr'><strong>omnes</strong></span> 
     </span>
     <span class='ocr_line' id='line_1_26' title="bbox 119 3538 1756 3655; baseline 0.006 -33"><span class='ocrx_word' id='word_1_283' title='bbox 119 3556 249 3655; x_wconf 75' lang='lat' dir='ltr'><strong>&#39;pedibus</strong></span> <span class='ocrx_word' id='word_1_284' title='bbox 274 3552 378 3624; x_wconf 76' lang='lat' dir='ltr'><strong>debuit</strong></span> <span class='ocrx_word' id='word_1_285' title='bbox 409 3544 463 3646; x_wconf 83' lang='lat' dir='ltr'><strong>effe</strong></span> <span class='ocrx_word' id='word_1_286' title='bbox 485 3549 577 3649; x_wconf 71' lang='lat' dir='ltr'><strong>raedis</strong></span> <span class='ocrx_word' id='word_1_287' title='bbox 600 3560 720 3644; x_wconf 91' lang='lat' dir='ltr'><strong>preter</strong></span> <span class='ocrx_word' id='word_1_288' title='bbox 741 3560 896 3648; x_wconf 89' lang='lat' dir='ltr'><strong>quatuor</strong></span> <span class='ocrx_word' id='word_1_289' title='bbox 927 3549 1107 3629; x_wconf 87' lang='lat' dir='ltr'><strong>ministros</strong></span> <span class='ocrx_word' id='word_1_290' title='bbox 1129 3538 1275 3639; x_wconf 81' lang='lat' dir='ltr'><strong>altaris,</strong></span> <span class='ocrx_word' id='word_1_291' title='bbox 1322 3548 1384 3651; x_wconf 89' lang='lat' dir='ltr'><strong>qui</strong></span> <span class='ocrx_word' id='word_1_292' title='bbox 1416 3557 1639 3630; x_wconf 69' lang='lat' dir='ltr'><strong>ommatius</strong></span> <span class='ocrx_word' id='word_1_293' title='bbox 1672 3554 1756 3631; x_wconf 89' lang='lat' dir='ltr'><strong>sunt</strong></span> 
     </span>
     <span class='ocr_line' id='line_1_27' title="bbox 104 3662 1755 3769; baseline 0.002 -21"><span class='ocrx_word' id='word_1_294' title='bbox 104 3662 246 3749; x_wconf 57' lang='lat' dir='ltr'><strong>‘induti</strong></span> <span class='ocrx_word' id='word_1_295' title='bbox 273 3665 416 3746; x_wconf 85' lang='lat' dir='ltr'><strong>calceis.</strong></span> <span class='ocrx_word' id='word_1_296' title='bbox 478 3664 581 3742; x_wconf 89' lang='lat' dir='ltr'><strong>Idem</strong></span> <span class='ocrx_word' id='word_1_297' title='bbox 604 3679 729 3744; x_wconf 90' lang='lat' dir='ltr'><strong>autem</strong></span> <span class='ocrx_word' id='word_1_298' title='bbox 756 3691 822 3765; x_wconf 92' lang='lat' dir='ltr'><strong>per</strong></span> <span class='ocrx_word' id='word_1_299' title='bbox 842 3669 1021 3747; x_wconf 88' lang='lat' dir='ltr'><strong>minorem</strong></span> <span class='ocrx_word' id='word_1_300' title='bbox 1051 3669 1202 3748; x_wconf 90' lang='lat' dir='ltr'><strong>chorum</strong></span> <span class='ocrx_word' id='word_1_301' title='bbox 1231 3696 1254 3746; x_wconf 89' lang='lat' dir='ltr'><strong>a</strong></span> <span class='ocrx_word' id='word_1_302' title='bbox 1284 3674 1500 3769; x_wconf 83' lang='lat' dir='ltr'><strong>proceffrone</strong></span> <span class='ocrx_word' id='word_1_303' title='bbox 1524 3674 1755 3751; x_wconf 89' lang='lat' dir='ltr'><strong>diuertentes</strong></span> 
     </span>
     <span class='ocr_line' id='line_1_28' title="bbox 10 3784 1756 3890; baseline 0.008 -33"><span class='ocrx_word' id='word_1_304' title='bbox 10 3840 16 3857; x_wconf 85' lang='lat'><em>.</em></span> <span class='ocrx_word' id='word_1_305' title='bbox 125 3794 233 3890; x_wconf 71' lang='lat' dir='ltr'><strong>cirsaiis</strong></span> <span class='ocrx_word' id='word_1_306' title='bbox 255 3788 473 3874; x_wconf 83' lang='lat' dir='ltr'><strong>induuntur,</strong></span> <span class='ocrx_word' id='word_1_307' title='bbox 494 3808 654 3884; x_wconf 80' lang='lat' dir='ltr'><strong>moxque</strong></span> <span class='ocrx_word' id='word_1_308' title='bbox 683 3784 757 3863; x_wconf 83' lang='lat' dir='ltr'><strong>tine</strong></span> <span class='ocrx_word' id='word_1_309' title='bbox 783 3788 921 3865; x_wconf 86' lang='lat' dir='ltr'><strong>iumine</strong></span> <span class='ocrx_word' id='word_1_310' title='bbox 948 3790 987 3867; x_wconf 81' lang='lat' dir='ltr'><strong>tic</strong></span> <span class='ocrx_word' id='word_1_311' title='bbox 1020 3789 1164 3867; x_wconf 88' lang='lat' dir='ltr'><strong>incenso</strong></span> <span class='ocrx_word' id='word_1_312' title='bbox 1195 3792 1446 3889; x_wconf 80' lang='lat' dir='ltr'><strong>presbiterium</strong></span> <span class='ocrx_word' id='word_1_313' title='bbox 1478 3793 1756 3890; x_wconf 85' lang='lat' dir='ltr'><strong>ingrediuntur,</strong></span> 
     </span>
     <span class='ocr_line' id='line_1_29' title="bbox 31 3903 1756 4029; baseline 0.001 -40"><span class='ocrx_word' id='word_1_314' title='bbox 31 3990 36 4029; x_wconf 48' lang='grc' dir='ltr'>Ι</span> <span class='ocrx_word' id='word_1_315' title='bbox 126 3910 249 4010; x_wconf 90' lang='lat' dir='ltr'><strong>ibique</strong></span> <span class='ocrx_word' id='word_1_316' title='bbox 282 3908 320 3983; x_wconf 92' lang='lat' dir='ltr'><strong>in</strong></span> <span class='ocrx_word' id='word_1_317' title='bbox 349 3909 429 3983; x_wconf 77' lang='lat' dir='ltr'><strong>ndo</strong></span> <span class='ocrx_word' id='word_1_318' title='bbox 455 3911 551 3981; x_wconf 65' lang='lat' dir='ltr'><strong>wari</strong></span> <span class='ocrx_word' id='word_1_319' title='bbox 575 3903 666 3981; x_wconf 82' lang='lat' dir='ltr'><strong>libro</strong></span> <span class='ocrx_word' id='word_1_320' title='bbox 696 3907 876 4004; x_wconf 81' lang='lat' dir='ltr'><strong>euangelii</strong></span> <span class='ocrx_word' id='word_1_321' title='bbox 898 3909 1000 4006; x_wconf 89' lang='lat' dir='ltr'><strong>super</strong></span> <span class='ocrx_word' id='word_1_322' title='bbox 1024 3932 1177 4006; x_wconf 90' lang='lat' dir='ltr'><strong>paruum</strong></span> <span class='ocrx_word' id='word_1_323' title='bbox 1200 3911 1381 3990; x_wconf 87' lang='lat' dir='ltr'><strong>lintheum</strong></span> <span class='ocrx_word' id='word_1_324' title='bbox 1409 3912 1541 4013; x_wconf 82' lang='lat' dir='ltr'><strong>posrto,</strong></span> <span class='ocrx_word' id='word_1_325' title='bbox 1578 3936 1627 3989; x_wconf 81' lang='lat' dir='ltr'><strong>ex</strong></span> <span class='ocrx_word' id='word_1_326' title='bbox 1648 3936 1756 3991; x_wconf 82' lang='lat' dir='ltr'><strong>more</strong></span> 
     </span>
     <span class='ocr_line' id='line_1_30' title="bbox 126 4022 1756 4133; baseline 0.001 -25"><span class='ocrx_word' id='word_1_327' title='bbox 126 4029 289 4133; x_wconf 88' lang='lat' dir='ltr'><strong>precedit</strong></span> <span class='ocrx_word' id='word_1_328' title='bbox 311 4023 505 4103; x_wconf 84' lang='lat' dir='ltr'><strong>sacerdotis</strong></span> <span class='ocrx_word' id='word_1_329' title='bbox 535 4022 574 4103; x_wconf 77' lang='lat' dir='ltr'><strong>dc</strong></span> <span class='ocrx_word' id='word_1_330' title='bbox 602 4025 747 4102; x_wconf 85' lang='lat' dir='ltr'><strong>diaconi</strong></span> <span class='ocrx_word' id='word_1_331' title='bbox 773 4027 963 4125; x_wconf 84' lang='lat' dir='ltr'><strong>peculiaris</strong></span> <span class='ocrx_word' id='word_1_332' title='bbox 985 4031 1108 4105; x_wconf 90' lang='lat' dir='ltr'><strong>oracio</strong></span> <span class='ocrx_word' id='word_1_333' title='bbox 1136 4054 1246 4127; x_wconf 90' lang='lat' dir='ltr'><strong>quam</strong></span> <span class='ocrx_word' id='word_1_334' title='bbox 1274 4031 1431 4133; x_wconf 88' lang='lat' dir='ltr'><strong>sequitur</strong></span> <span class='ocrx_word' id='word_1_335' title='bbox 1457 4034 1580 4112; x_wconf 81' lang='lat' dir='ltr'><strong>nitaris</strong></span> <span class='ocrx_word' id='word_1_336' title='bbox 1602 4034 1756 4111; x_wconf 87' lang='lat' dir='ltr'><strong>deoscu-</strong></span> 
     </span>
     <span class='ocr_line' id='line_1_31' title="bbox 31 4143 1755 4252; baseline 0.006 -28"><span class='ocrx_word' id='word_1_337' title='bbox 31 4168 36 4173; x_wconf 88' lang='lat'>·</span> <span class='ocrx_word' id='word_1_338' title='bbox 126 4151 236 4232; x_wconf 68' lang='lat' dir='ltr'><strong>ratim</strong></span> <span class='ocrx_word' id='word_1_339' title='bbox 268 4168 355 4224; x_wconf 87' lang='lat' dir='ltr'><strong>uam</strong></span> <span class='ocrx_word' id='word_1_340' title='bbox 376 4143 476 4221; x_wconf 87' lang='lat' dir='ltr'><strong>nulla</strong></span> <span class='ocrx_word' id='word_1_341' title='bbox 500 4155 589 4223; x_wconf 81' lang='lat' dir='ltr'><strong>tunc</strong></span> <span class='ocrx_word' id='word_1_342' title='bbox 621 4169 740 4244; x_wconf 90' lang='lat' dir='ltr'><strong>neque</strong></span> <span class='ocrx_word' id='word_1_343' title='bbox 767 4146 888 4243; x_wconf 85' lang='lat' dir='ltr'><strong>postea</strong></span> <span class='ocrx_word' id='word_1_344' title='bbox 921 4146 1039 4244; x_wconf 78' lang='lat' dir='ltr'><strong>agintr</strong></span> <span class='ocrx_word' id='word_1_345' title='bbox 1070 4148 1210 4248; x_wconf 81' lang='lat' dir='ltr'><strong>confeffio.</strong></span> <span class='ocrx_word' id='word_1_346' title='bbox 1271 4150 1395 4227; x_wconf 81' lang='lat' dir='ltr'><strong>Aiiato</strong></span> <span class='ocrx_word' id='word_1_347' title='bbox 1422 4167 1546 4249; x_wconf 69' lang='lat' dir='ltr'><strong>autern</strong></span> <span class='ocrx_word' id='word_1_348' title='bbox 1579 4181 1656 4232; x_wconf 82' lang='lat' dir='ltr'><strong>rouo</strong></span> <span class='ocrx_word' id='word_1_349' title='bbox 1682 4162 1755 4252; x_wconf 80' lang='lat' dir='ltr'><strong>r&#39;gai</strong></span> 
     </span>
     <span class='ocr_line' id='line_1_32' title="bbox 81 4265 1754 4373; baseline 0.004 -25"><span class='ocrx_word' id='word_1_350' title='bbox 81 4292 87 4301; x_wconf 83' lang='lat'>·</span> <span class='ocrx_word' id='word_1_351' title='bbox 128 4271 167 4348; x_wconf 93' lang='lat' dir='ltr'><strong>in</strong></span> <span class='ocrx_word' id='word_1_352' title='bbox 196 4266 467 4368; x_wconf 83' lang='lat' dir='ltr'><strong>presbiterium,</strong></span> <span class='ocrx_word' id='word_1_353' title='bbox 491 4268 549 4339; x_wconf 81' lang='lat' dir='ltr'><strong>duo</strong></span> <span class='ocrx_word' id='word_1_354' title='bbox 570 4270 736 4341; x_wconf 67' lang='lat' dir='ltr'><strong>inmunia</strong></span> <span class='ocrx_word' id='word_1_355' title='bbox 756 4277 844 4342; x_wconf 87' lang='lat' dir='ltr'><strong>aute</strong></span> <span class='ocrx_word' id='word_1_356' title='bbox 867 4265 980 4344; x_wconf 85' lang='lat' dir='ltr'><strong>altare</strong></span> <span class='ocrx_word' id='word_1_357' title='bbox 1007 4267 1270 4362; x_wconf 87' lang='lat' dir='ltr'><strong>incenduntur,</strong></span> <span class='ocrx_word' id='word_1_358' title='bbox 1305 4271 1531 4373; x_wconf 87' lang='lat' dir='ltr'><strong>totidemque</strong></span> <span class='ocrx_word' id='word_1_359' title='bbox 1555 4275 1678 4352; x_wconf 87' lang='lat' dir='ltr'><strong>tabule</strong></span> <span class='ocrx_word' id='word_1_360' title='bbox 1704 4276 1754 4354; x_wconf 87' lang='lat' dir='ltr'><strong>ad</strong></span> 
     </span>
     <span class='ocr_line' id='line_1_33' title="bbox 128 4382 1753 4494; baseline 0.003 -27"><span class='ocrx_word' id='word_1_361' title='bbox 128 4389 289 4467; x_wconf 87' lang='lat' dir='ltr'><strong>officium</strong></span> <span class='ocrx_word' id='word_1_362' title='bbox 319 4387 508 4462; x_wconf 90' lang='lat' dir='ltr'><strong>ceduntur.</strong></span> <span class='ocrx_word' id='word_1_363' title='bbox 557 4382 641 4460; x_wconf 88' lang='lat' dir='ltr'><strong>Post</strong></span> <span class='ocrx_word' id='word_1_364' title='bbox 662 4386 870 4464; x_wconf 89' lang='lat' dir='ltr'><strong>oracionem</strong></span> <span class='ocrx_word' id='word_1_365' title='bbox 896 4387 1091 4465; x_wconf 85' lang='lat' dir='ltr'><strong>sacerdotis</strong></span> <span class='ocrx_word' id='word_1_366' title='bbox 1116 4390 1246 4487; x_wconf 81' lang='lat' dir='ltr'><strong>legitur</strong></span> <span class='ocrx_word' id='word_1_367' title='bbox 1270 4395 1379 4490; x_wconf 78' lang='lat' dir='ltr'><strong>absque</strong></span> <span class='ocrx_word' id='word_1_368' title='bbox 1403 4400 1493 4470; x_wconf 78' lang='lat' dir='ltr'><strong>titudo</strong></span> <span class='ocrx_word' id='word_1_369' title='bbox 1519 4395 1616 4494; x_wconf 92' lang='lat' dir='ltr'><strong>prior</strong></span> <span class='ocrx_word' id='word_1_370' title='bbox 1645 4396 1753 4475; x_wconf 76' lang='lat' dir='ltr'><strong>leiiio</strong></span> 
     </span>
     <span class='ocr_line' id='line_1_34' title="bbox 128 4488 1753 4614; baseline 0.003 -26"><span class='ocrx_word' id='word_1_371' title='bbox 128 4507 226 4611; x_wconf 81' lang='lat' dir='ltr'><strong>quau</strong></span> <span class='ocrx_word' id='word_1_372' title='bbox 252 4508 305 4584; x_wconf 85' lang='lat' dir='ltr'><strong>ad</strong></span> <span class='ocrx_word' id='word_1_373' title='bbox 328 4488 572 4584; x_wconf 72' lang='lat' dir='ltr'><strong>nanuum.</strong></span> <span class='ocrx_word' id='word_1_374' title='bbox 622 4546 672 4564; x_wconf 88' lang='lat'>-</span> <span class='ocrx_word' id='word_1_375' title='bbox 720 4547 770 4565; x_wconf 91' lang='lat'><em>-</em></span> <span class='ocrx_word' id='word_1_376' title='bbox 816 4548 867 4566; x_wconf 92' lang='lat'>-</span> <span class='ocrx_word' id='word_1_377' title='bbox 915 4506 1158 4609; x_wconf 85' lang='lat' dir='ltr'><strong>Antequam</strong></span> <span class='ocrx_word' id='word_1_378' title='bbox 1189 4512 1294 4608; x_wconf 83' lang='lat' dir='ltr'><strong>paffio</strong></span> <span class='ocrx_word' id='word_1_379' title='bbox 1315 4510 1454 4608; x_wconf 80' lang='lat' dir='ltr'><strong>tegatur</strong></span> <span class='ocrx_word' id='word_1_380' title='bbox 1478 4517 1536 4590; x_wconf 77' lang='lat' dir='ltr'><strong>due</strong></span> <span class='ocrx_word' id='word_1_381' title='bbox 1560 4532 1662 4614; x_wconf 74' lang='lat' dir='ltr'><strong>porat</strong></span> <span class='ocrx_word' id='word_1_382' title='bbox 1682 4517 1753 4610; x_wconf 82' lang='lat' dir='ltr'><strong>sar·</strong></span> 
     </span>
     <span class='ocr_line' id='line_1_35' title="bbox 123 4627 1754 4733; baseline 0.002 -25"><span class='ocrx_word' id='word_1_383' title='bbox 123 4633 218 4708; x_wconf 81' lang='lat' dir='ltr'><strong>dones</strong></span> <span class='ocrx_word' id='word_1_384' title='bbox 239 4629 333 4728; x_wconf 74' lang='lat' dir='ltr'><strong>seper</strong></span> <span class='ocrx_word' id='word_1_385' title='bbox 362 4631 461 4703; x_wconf 77' lang='lat' dir='ltr'><strong>adore</strong></span> <span class='ocrx_word' id='word_1_386' title='bbox 491 4630 526 4703; x_wconf 85' lang='lat' dir='ltr'><strong>in</strong></span> <span class='ocrx_word' id='word_1_387' title='bbox 551 4627 758 4727; x_wconf 70' lang='lat' dir='ltr'><strong>nonnosum</strong></span> <span class='ocrx_word' id='word_1_388' title='bbox 781 4637 984 4728; x_wconf 85' lang='lat' dir='ltr'><strong>ponuntur,</strong></span> <span class='ocrx_word' id='word_1_389' title='bbox 1021 4651 1093 4731; x_wconf 90' lang='lat' dir='ltr'><strong>que</strong></span> <span class='ocrx_word' id='word_1_390' title='bbox 1113 4629 1155 4708; x_wconf 90' lang='lat' dir='ltr'><strong>in</strong></span> <span class='ocrx_word' id='word_1_391' title='bbox 1176 4653 1222 4708; x_wconf 91' lang='lat' dir='ltr'><strong>eo</strong></span> <span class='ocrx_word' id='word_1_392' title='bbox 1245 4629 1327 4709; x_wconf 91' lang='lat' dir='ltr'><strong>loco</strong></span> <span class='ocrx_word' id='word_1_393' title='bbox 1350 4632 1411 4716; x_wconf 88' lang='lat' dir='ltr'><strong>vbi</strong></span> <span class='ocrx_word' id='word_1_394' title='bbox 1436 4632 1585 4733; x_wconf 82' lang='lat' dir='ltr'><strong>legitur:</strong></span> <span class='ocrx_word' id='word_1_395' title='bbox 1624 4636 1754 4712; x_wconf 79' lang='lat' dir='ltr'><strong>Partiri</strong></span> 
     </span>
    </p>
   </div>
   <div class='ocr_carea' id='block_1_5' title="bbox 1666 4759 1750 4859">
    <p class='ocr_par' dir='ltr' id='par_1_6' title="bbox 1666 4759 1750 4859">
     <span class='ocr_line' id='line_1_36' title="bbox 1666 4759 1750 4859; baseline 0 0"><span class='ocrx_word' id='word_1_396' title='bbox 1666 4759 1750 4859; x_wconf 73' lang='lat' dir='ltr'><strong>soc</strong></span> 
     </span>
    </p>
   </div>
   <div class='ocr_carea' id='block_1_6' title="bbox 0 0 1872 5160">
    <p class='ocr_par' dir='ltr' id='par_1_7' title="bbox 0 0 1872 5160">
     <span class='ocr_line' id='line_1_37' title="bbox 0 0 1872 5160; baseline 0 0"><span class='ocrx_word' id='word_1_397' title='bbox 0 0 1872 5160; x_wconf 95' lang='lat' dir='ltr'><strong> </strong></span> 
     </span>
    </p>
   </div>
  </div>
 </body>
</html>
