3736 5160
121 316 188 394 rsa
404 378 407 383 ,
745 300 1167 391 *ww*

116 478 254 581 Ipsique
277 476 460 557 Canonici
484 480 523 558 dr
548 474 681 555 subditi
704 476 828 555 eidem
851 477 1075 576 Praeposrto,
1100 488 1141 556 vt
1166 479 1226 555 suo
1249 477 1419 576 superiori
1442 476 1480 556 δι
1504 479 1677 557 Praelata
1704 504 1742 558 re

120 596 287 682 verenter
310 600 504 674 intendere
530 600 568 676 dr
594 598 752 675 obedire.
820 598 895 674 Etsi
928 596 1073 677 forsitan
1098 597 1308 695 hujusmodi
1335 596 1580 695 Praeposrtum
1611 602 1742 678 contin

119 732 222 821 geret
244 721 450 807 interdum,
490 718 546 799 vel
570 716 641 794 alio
664 718 829 813 legitimo
853 718 1117 817 impedimento
1140 716 1363 817 praepediri,
1392 718 1515 819 quoad
1539 720 1742 818 exequutio

119 866 207 920 nem
232 840 484 937 regiminis&
509 833 619 915 curae
644 840 885 924 subditorum,
933 863 1027 917 vnus
1061 864 1110 915 ex
1143 837 1332 917 canonicis
1363 838 1530 936 ejusdem
1554 838 1742 917 Ecclesiae

118 963 178 1041 cui
201 959 427 1059 Praepositus
452 960 553 1036 idem
584 959 657 1035 hoc
682 960 933 1047 mandauerit,
983 960 1085 1040 vices
1117 960 1285 1057 ejusdem
1308 958 1504 1059 Praepositi
1534 971 1640 1057 geret
1675 963 1742 1037 obe

119 1082 280 1165 dienter,
305 1083 343 1158 az
367 1080 565 1178 adimplere
590 1080 746 1159 debebit.
796 1079 837 1157 ln
863 1083 959 1161 ditia
980 1106 1067 1159 vero
1082 1078 1239 1156 Ecclesia
1261 1079 1298 1155 in
1318 1080 1622 1159 Bettenbrunnen
1650 1080 1742 1157 Prae

119 1200 253 1302 positus
278 1203 316 1278 br
342 1200 518 1278 Canonici
540 1200 713 1299 praeditii
748 1202 913 1299 quotidie
944 1202 1174 1279 celebrabunt
1197 1212 1273 1278 tres
1298 1199 1440 1288 Missas,
1478 1204 1637 1300 quirum
1663 1202 1742 1277 due

119 1323 192 1399 line
227 1330 337 1396 cantu
377 1319 552 1414 legentur.
637 1321 762 1399 Prima
795 1322 965 1399 videlicet
1011 1325 1058 1400 de
1089 1322 1207 1399 Beata
1240 1322 1359 1399 Maria
1398 1320 1568 1417 Virgine,
1621 1324 1664 1403 dr
1707 1320 1742 1399 fi

120 1445 244 1521 cunda
268 1464 333 1539 pro
368 1437 577 1530 namen,
624 1442 685 1519 sed
710 1434 831 1519 'tertia
859 1440 992 1521 scilicet
1025 1443 1073 1521 de
1107 1442 1273 1542 tempore
1296 1438 1545 1521 'celebrabitur
1575 1464 1665 1523 cum
1692 1466 1742 1521 nr

1 1557 2 1562 ‘
121 1577 160 1642 ta
184 1563 223 1641 dc
245 1570 367 1637 cantu

216 1800 268 1879 Et
291 1799 317 1875 sr
339 1799 442 1876 locus
473 1798 531 1877 vel
556 1798 752 1885 Parochia.
798 1809 861 1877 aut
884 1798 1108 1881 Vniuersrtas
1134 1801 1174 1879 iu
1198 1800 1520 1891 Beronummu,
1558 1798 1742 1878 Cessatim

121 1920 314 1998 aDiuinis
338 1920 396 1999 vel
422 1919 614 1998 lnterdiilo
638 1919 884 1999 Ecclesiastico
908 1922 1020 1999 suerit
1042 1922 1233 2021 supposta,
1267 1920 1483 2019 hujusmodi
1509 1932 1585 1998 tres
1609 1922 1742 1999 Missae

122 2041 246 2121 clausis
274 2053 398 2119 tamen
435 2041 576 2137 januis,
620 2041 658 2117 dr
689 2028 1030 2121 Encommunicatie
1070 2044 1109 2121 &
1141 2042 1345 2121 interdistis
1381 2040 1551 2126 exclusis,
1593 2038 1742 2121 submit

122 2188 213 2241 voce
245 2161 484 2240 nihilominus
516 2162 689 2238 celebrari
721 2163 915 2269 debebunt.
988 2164 1062 2239 Sed
1094 2163 1209 2241 iidem
1243 2161 1467 2263 Praepositus
1505 2162 1544 2239 dr
1577 2162 1742 2239 Canarii·

123 2284 285 2385 quotidie
310 2280 529 2380 singulisque
556 2270 687 2359 diebus
717 2281 756 2358 in
777 2282 935 2358 Ecclesia
965 2286 1146 2383 praeditia
1175 2292 1270 2381 legere
1303 2285 1440 2360 debent
1474 2282 1621 2371 indutui
1654 2304 1742 2359 om

125 2408 235 2483 Horas
260 2407 435 2481 conara.
486 2400 560 2478 Sed
586 2402 802 2489 Matutinus.
842 2401 1025 2505 lldffiuaqur
1050 2427 1195 2501 arograrr
1212 2403 1280 2503 siae
1299 2408 1470 2504 publicum,
1506 2406 1546 2483 dr
1576 2402 1742 2503 lapan

124 2525 332 2628 praesertim
358 2522 534 2599 Dominicis
558 2524 601 2610 θ’
617 2524 741 2625 frslirris
766 2528 888 2613 dabo,
926 2532 961 2599 in
985 2512 1048 2621 ipsa
1069 2524 1203 2620 Ecclefio
1222 2526 1386 2623 ⁸solenniter
1422 2548 1492 2599 cura
1515 2536 1592 2600 noto
1615 2528 1742 2603 decom

43 2628 52 2641 ⁹
123 2652 221 2734 iarn,
246 2645 309 2721 nisi
334 2642 581 2719 Ecclefiallioo
607 2643 815 2732 interditlo,
853 2644 911 2723 vel
944 2644 1016 2721 alio
1038 2644 1202 2739 legitimo
1229 2644 1495 2743 impedimento
1528 2642 1670 2735 suerint
1698 2664 1742 2721 ea

126 2767 246 2845 cusati.
298 2760 460 2847 Quilibet
484 2776 606 2841 autem
629 2766 843 2841 eorumdem
866 2765 1155 2853 Canonicorum,
1195 2764 1258 2863 qul
1276 2764 1447 2861 ¹legitimo
1470 2766 1742 2865 impedimuto

125 2888 184 2967 vel
210 2886 359 2962 licentia
383 2884 598 2981 Praepositi,
625 2886 682 2960 vel
705 2884 776 2959 alia
803 2885 1007 2964 rationabili
1030 2884 1147 2961 caussa
1172 2883 1326 2961 cessante
1355 2909 1430 2960 non
1457 2884 1742 2965 interfuerit-hu

124 3006 285 3108 jusmodi
319 3005 566 3080 decantationi
590 3004 732 3091 Missae,
775 3006 965 3094 illatutini,
1006 3006 1065 3085 vel
1088 3003 1342 3103 vesperarum,
1382 3004 1496 3084 soluet
1520 3026 1591 3105 pro
1621 3030 1741 3107 poena

128 3127 295 3204 fabricae·
317 3126 482 3221 ejusdem
514 3123 691 3199 Ecclefiae
728 3125 977 3221 persoluenda,
1018 3126 1139 3226 quoad
1163 3128 1390 3203 lllatutinum
1413 3137 1591 3225 quatuor,
1628 3132 1742 3225 'quon

69 3328 84 3347 „
128 3248 302 3346 Vesperas
323 3246 503 3331 totidem,
534 3244 572 3321 δι
597 3247 716 3342 quoad
744 3245 885 3323 Missam
903 3247 962 3321 sex
985 3251 1125 3323 demtos
1150 3246 1399 3346 Constantiapis,
1425 3249 1464 3324 tr
1488 3246 1613 3343 quoad
1631 3268 1742 3347 quarn·

128 3369 215 3445 libet
235 3366 388 3441 aliarum
407 3364 577 3441 horarum
597 3363 871 3451 canonicarum,
896 3368 1002 3461 cujus
1026 3364 1170 3444 letiioni
1191 3367 1391 3461 neglexerit
1415 3366 1452 3441 in
1472 3366 1637 3443 Ecclesia
1660 3388 1742 3469 prae

55 3523 59 3529 ·
129 3491 223 3567 ditia
245 3484 429 3570 interesse,
455 3484 577 3560 eidem
601 3483 756 3559 fabricae
780 3484 892 3557 soluet
907 3486 1001 3560 duos
1023 3485 1191 3561 denarios
1213 3486 1502 3563 constantienses.
1554 3486 1631 3575 Qui
1650 3488 1742 3565 etiar

130 3605 354 3706 Praepofitus
377 3604 416 3680 dr
439 3604 617 3677 Canonici
641 3603 679 3678 in
706 3614 814 3678 antea
839 3603 1022 3701 perpetuis
1043 3606 1270 3703 temporibus
1295 3630 1380 3683 curn
1405 3607 1540 3682 solenni
1564 3608 1742 3707 compulsa

130 3729 231 3807 tione
257 3712 535 3823 campanarum,
581 3723 805 3821 Amicusorlu
830 3726 979 3821 madidi
1004 3724 1135 3801 Domini
1162 3730 1289 3802 Comitis
1322 3730 1360 3805 dr
1394 3728 1548 3805 aliorum
1583 3728 1742 3806 Domino

130 3874 212 3927 rum
237 3846 351 3925 Casiri
381 3842 570 3943 praebiti.
610 3864 696 3918 cum
723 3841 935 3937 Vigiliarum
960 3844 1000 3922 dr
1022 3844 1206 3921 Missarum
1232 3868 1296 3943 pro
1320 3843 1510 3927 belmeis
1533 3846 1742 3925 decantatio

131 3972 254 4052 nibus,
278 3968 411 4040 deuote
437 3963 670 4039 celebrabunt
698 3984 763 4061 pro
794 3963 905 4037 salute
936 3962 1138 4043 animarum
1169 3965 1383 4043 eorumdem
1405 3966 1529 4043 Deum
1558 3968 1742 4070 supplicite

131 4087 366 4189 deprecaturi.
417 4085 533 4161 lidem
557 4084 700 4180 insuper
724 4081 945 4181 Praepufitus
966 4086 1004 4161 ἀ
1029 4084 1207 4161 Canonici
1232 4085 1353 4161 leuare
1375 4085 1574 4175 debebant,
1609 4096 1648 4169 dr
1677 4112 1742 4189 qno

133 4212 272 4285 tidiana
298 4196 546 4283 distributione
572 4205 609 4278 in
636 4202 877 4281 celebratione
902 4202 1086 4281 lllissarum
1114 4206 1153 4283 dc
1181 4206 1352 4283 horarum
1377 4208 1638 4286 canonicarum
1670 4214 1742 4285 inte

132 4332 226 4428 ipsos
254 4326 498 4423 Praepositum
539 4324 578 4400 dr
611 4322 818 4399 Canonicos
853 4322 1100 4429 principaliter
1134 4326 1383 4403 interessentes
1411 4316 1611 4415 duntaxat}
1648 4350 1742 4429 aequ

132 4449 298 4551 portione
323 4445 558 4523 condiuidere
586 4465 716 4518 omnes
745 4446 784 4522 u
817 4442 970 4538 singulas
995 4443 1198 4522 oblationes
1221 4448 1259 4521 in
1282 4446 1465 4544 praeditia
1488 4447 1649 4525 Ecclesia
1671 4460 1742 4525 terr

134 4594 221 4669 pure
242 4567 462 4643 Diuinorum
481 4562 695 4641 offerendas.
755 4562 818 4661 lpsr
844 4564 957 4641 etiam
981 4562 1206 4664 praepositus
1233 4566 1474 4677 &senonici
1497 4568 1552 4645 vti
1582 4568 1742 4646 debebur

136 4716 179 4770 ac
203 4690 374 4769 incedere
404 4684 568 4777 Vestibus
594 4685 633 4765 dr
661 4684 806 4765 tonsura
835 4687 874 4765 dr
906 4683 1228 4771 coronationem·
1249 4688 1290 4769 dt
1320 4688 1604 4787 congruentibus
1636 4688 1742 4765 Ordir

1644 4807 1742 4885 sace.¹
