3736 5160
118 393 224 473 nibus
255 392 293 472 δι
325 389 385 491 qui
418 388 546 470 volunt
580 387 868 490 faciepexoque
901 390 1019 488 capite
1052 389 1151 469 imus
1182 388 1220 466 in
1250 386 1435 467 ecciefiam
1469 390 1508 470 u
1540 388 1587 467 ad
1610 390 1684 483 orac

42 550 46 557 ¹
119 538 204 592 nem
228 519 464 612 procumbimus.
514 510 577 588 lile
600 522 725 588 autem
740 514 883 607 junonis,
908 510 1074 610 quiante
1092 512 1286 591 noiiurnos
1297 513 1472 609 praumato
1492 517 1613 586 iocoruo
1639 510 1684 586 iio

118 634 207 714 fecit
229 637 308 730 liiilr
332 637 494 732 pulsationi
522 653 607 707 cum
634 632 750 722 custode
771 617 831 730 suo
854 630 1005 709 vitinus
1034 629 1134 708 adest
1160 620 1306 708 maecum
1329 637 1496 718 iouociori,
1532 628 1625 706 ficut
1649 632 1684 710 cic

25 803 28 809 ·
120 754 232 830 eiiate
264 745 349 830 ante
383 775 537 836 nonam,
582 751 680 850 quod
712 751 758 826 ad
795 750 950 828 hostium
990 749 1137 828 ecciefie
1169 752 1328 851 obscruons
1354 753 1486 854 socnflo
1522 753 1684 829 ebdomada

96 873 260 971 ignum
283 870 404 972 pulsat.
456 873 537 957 Quo
564 875 604 944 od
631 867 792 969 ingrefficor
816 875 945 970 predica·
964 876 1091 970 juucuir
1110 870 1226 970 dimiffo
1254 871 1411 949 facimus
1442 882 1517 950 tres
1543 870 1684 969 oracior

121 995 198 1096 post
220 1017 311 1094 quas
334 996 373 1076 ἀ
403 993 501 1068 aliud
529 992 666 1086 signum
690 991 864 1088 pulsatur,
900 993 939 1071 δι
966 994 1079 1071 tercia
1103 1003 1292 1076 cantatur,
1328 991 1415 1094 inoffi
1439 1014 1549 1092 quoquc
1573 1002 1684 1066 matut:

124 1117 302 1214 adjuniia
358 1115 442 1191 Non
472 1111 584 1186 solum
613 1109 690 1210 post
711 1110 909 1208 capitulum
936 1115 994 1190 sed
1025 1114 1141 1190 eciam
1169 1113 1243 1211 post
1272 1113 1410 1190 sextam
1440 1112 1606 1212 premiffo
1628 1122 1684 1188 tar

125 1262 147 1315 a
173 1237 290 1333 priore
320 1236 491 1311 Benedicitc
511 1230 689 1308 habemus
714 1230 907 1310 licenciam
934 1221 1086 1330 mouendi:
1110 1256 1333 1333 quamquam
1361 1234 1450 1310 iilud
1477 1232 1638 1332 spacium
1661 1236 1684 1327 l

124 1356 177 1458 offe
201 1354 417 1454 orcucffmunr
473 1352 572 1430 Nam
592 1375 652 1426 uon
676 1357 807 1448 amplius
832 1361 911 1441 erio,
934 1377 1045 1452 qnam
1072 1365 1113 1434 vt
1134 1354 1299 1431 sacerdos
1331 1357 1370 1435 iio
1400 1352 1511 1431 ceteri
1537 1355 1585 1430 ad
1614 1352 1684 1460 mii

4 1518 11 1525 ·
124 1475 289 1557 seruituri
312 1474 436 1550 iauent
459 1493 609 1558 manus,
635 1481 674 1549 vt
698 1470 767 1546 sont
791 1474 838 1548 ad
860 1472 1086 1551 induendum
1111 1473 1146 1548 se
1169 1474 1295 1572 parati.
1343 1474 1505 1551 Pulsatur
1525 1472 1668 1569 figoum

126 1615 195 1674 nec
219 1618 348 1672 omnes
375 1614 607 1669 occurramus
631 1593 679 1667 ad
702 1593 920 1670 oracionem.
987 1594 1068 1678 Qua
1097 1595 1190 1672 farm
1215 1595 1431 1692 imponitur.
1448 1593 1603 1679 letania,
1643 1576 1684 1674 δι

3 1782 6 1787 .
127 1719 163 1795 se
195 1715 347 1796 vestiunt
376 1735 530 1813 quorum
557 1711 657 1812 supra
678 1712 851 1798 memini,
879 1714 926 1789 ad
954 1713 1191 1792 ministerium
1219 1714 1329 1791 miiie.
1377 1714 1562 1791 Si'autem
1592 1702 1684 1791 esti

128 1838 200 1918 1111.
228 1848 293 1914 aut
314 1836 374 1917 Vl.
402 1834 537 1935 parisato
568 1832 722 1909 breuiori
747 1856 851 1911 mora
876 1833 973 1930 signo
997 1858 1106 1936 quarn
1137 1835 1175 1911 in
1208 1836 1279 1911 aiia
1304 1835 1383 1923 die,
1428 1837 1622 1934 priusnos
1653 1838 1684 1931 do

129 1968 246 2039 ciamus
278 1980 389 2056 quom
418 1976 652 2032 occurramus
681 1955 727 2030 ad
757 1954 985 2040 oracionem,
1033 1968 1075 2034 vt
1104 1960 1196 2032 nudis
1218 1961 1342 2054 pediiuc
1368 1957 1545 2033 faciamus
1571 1979 1684 2053 proce

130 2105 226 2159 nem.
279 2077 399 2155 Finita
419 2075 517 2154 misia
546 2075 703 2174 pulsatur
728 2076 777 2167 ad
797 2099 953 2162 nonam,
982 2076 1249 2155 &oracionem
1276 2076 1430 2153 facimus
1461 2077 1675 2185 priusquam

132 2222 260 2278 eamus
285 2202 325 2274 od
339 2200 509 2275 iucundum
525 2200 636 2293 podes:
673 2207 737 2271 aut
760 2194 785 2271 sr
813 2221 888 2274 non
915 2197 965 2274 est
988 2221 1033 2271 ea
1055 2197 1135 2272 dies
1156 2197 1192 2271 iii
1218 2220 1290 2295 qua
1311 2197 1486 2296 processio
1504 2199 1586 2287 fiat.
1610 2197 1651 2274 in
1676 2227 1684 2273 c

134 2345 174 2398 ro
197 2331 321 2434 tamen
343 2320 462 2410 luendo
483 2317 734 2414 expostamus,
760 2318 984 2416 usquedum
1001 2318 1172 2415 seruiturus
1197 2319 1383 2418 potuerint
1410 2318 1583 2418 pronfiffe.
1646 2320 1684 2421 Po

134 2452 193 2521 tur
215 2441 337 2517 denuo
360 2437 458 2514 aliud
479 2435 618 2533 figoum
646 2439 692 2512 ad
717 2460 863 2515 nouam.
916 2477 966 2494 -
1015 2477 1066 2496 -

11 2816 19 2823 .
99 2701 102 2706 ’
264 2722 351 2815 Da
394 2716 921 2853 onusanvncioma
971 2725 1047 2810 uc
1091 2684 1644 2832 consuasvnu‘uu

744 2863 825 2948 in
875 2864 1154 2950 caiuma.

234 3056 291 3137 Aa
320 3058 389 3135 Καὶ
416 3058 500 3133 Nou
522 3079 618 3154 ucqru
639 3063 672 3133 iu
693 3081 794 3134 cenom
821 3062 935 3135 domini
960 3067 993 3136 in
1016 3067 1153 3158 prmum
1176 3061 1309 3135 coitibus
1333 3071 1452 3158 eccepto
1475 3064 1513 3134 oi
1540 3064 1684 3137 oiimoo

71 3264 74 3269 ,
138 3188 296 3275 crosno
327 3185 361 3253 iu
391 3179 526 3252 mouom
556 3171 709 3274 epipiouu
739 3182 890 3282 postquam
908 3180 1004 3279 semri
1032 3180 1194 3276 fiagirnus
1222 3179 1324 3278 polico
1354 3182 1394 3254 od
1425 3183 1512 3255 lucios
1535 3206 1598 3256 nou
1622 3185 1685 3259 cuii

141 3299 214 3378 Hic
240 3292 457 3374 inchoamus
484 3309 522 3370 oc
560 3305 693 3391 trigorio
718 3301 859 3398 psoinoc‘
875 3309 946 3374 cruc
968 3301 1126 3376 nouurnor
1153 3310 1317 3374 coutamur.
1396 3301 1458 3377 Ad
1487 3301 1684 3400 completor

141 3425 178 3498 in
205 3418 357 3519 priuatis
379 3418 507 3493 diebus
532 3429 636 3492 extra
661 3419 806 3494 oiiauas
832 3417 920 3496 hinc
948 3442 1062 3518 vsque
1084 3418 1121 3493 in
1146 3419 1443 3515 pascha.Ymnus
1482 3464 1531 3478 —
1570 3420 1684 3518 Christo

142 3549 196 3618 iux
216 3566 249 3615 cs
273 3580 322 3597 -
348 3550 523 3612 cantatur.
572 3536 613 3612 Io
643 3537 774 3635 quibus
800 3541 838 3618 ἀ
861 3537 932 3613 hoc
952 3540 1218 3638 procurandum
1234 3538 1308 3626 eii,
1340 3552 1379 3614 ot
1397 3536 1494 3616 coiuc
1510 3548 1573 3618 lucc
1594 3547 1657 3621 diri
1680 3591 1684 3615 c

61 3775 66 3787 Ι
143 3673 227 3738 nm
254 3664 420 3770 nummum
445 3679 561 3733 comus.
618 3655 725 3743 Quod
751 3668 875 3736 tamen
903 3681 976 3734 roro
995 3655 1071 3754 fieri
1100 3658 1257 3758 poesim
1283 3654 1463 3736 unrocus
1487 3647 1683 3761 quomo'bu

142 3791 261 3870 cimus,
286 3792 356 3857 etc.
451 3802 461 3813 “

240 4018 353 4097 Anno
386 4034 489 4110 1315.
528 4014 724 4093 Hainricns
749 4015 971 4093 Coloniensrs
995 4015 1199 4115 Archiepus
1231 4016 1301 4092 ioci
1331 4018 1684 4098 Saniiitatermotus

145 4138 350 4235 dulgentias
371 4136 546 4213 conceffit.
593 4136 733 4217 Datum
747 4138 981 4234 weingarten
1006 4160 1104 4213 anno
1127 4138 1172 4214 ab
1193 4137 1331 4216 incarn.
1348 4138 1499 4216 Domini
1514 4140 1684 4254 M‘CCC·

145 4260 187 4342 ln
209 4256 319 4354 vigit.
345 4255 536 4359 Matthaei.
580 4272 583 4277 ·

243 4494 352 4578 Viros
377 4494 528 4573 Nobiles
548 4493 620 4572 hoo
649 4507 812 4594 tempore
837 4493 965 4572 obuios
987 4493 1185 4573 habuimus
1209 4496 1417 4598 sequentesc
1447 4521 1511 4593 131
1517 4516 1551 4591 5.
1618 4493 1684 4598 Joo

147 4612 339 4727 Dopcfcrurn
371 4621 406 4695 dc
433 4617 594 4717 Woiomg.
662 4610 879 4694 Bounomos
912 4619 949 4693 dc
981 4616 1104 4706 Tum,
1147 4621 1185 4698 δι
1214 4619 1390 4715 Biigrirmn
1419 4619 1465 4695 iu
1493 4618 1597 4696 uun
1625 4621 1684 4696 mi

184 4791 188 4797 ,
1254 4799 1259 4803 ,
1634 4740 1684 4818 Μ
