3736 5160
332 168 381 273 δι
591 172 606 187 ’
942 183 1361 277 wemma

334 365 458 445 medio
481 361 623 441 relisiisa
683 362 827 439 Dehinc
853 364 1095 441 defluentibus
1123 362 1348 440 fenestris&
1378 359 1537 437 trabibus
1571 360 1617 435 ab
1640 359 1714 437 alto
1748 360 1862 437 eaden

334 487 568 565 incumbente
613 484 753 561 valliori
785 485 922 559 ardoris
956 483 1128 578 voragine
1161 496 1237 559 tam
1265 495 1391 558 truces
1430 485 1468 559 dt
1511 476 1697 557 horrificas
1731 482 1868 557 flamm

334 605 511 705 procellas
537 606 708 680 vomebat
740 603 968 687 incendium,
1007 601 1096 677 srcut
1119 600 1234 677 solent
1267 602 1392 678 ethaei
1425 612 1569 674 montes
1610 622 1656 672 ex
1679 599 1868 694 penalibu

332 727 400 803 tris
433 725 617 799 succensos
646 723 809 819 sulphure
837 723 962 817 globos
989 733 1084 796 tetro
1113 721 1275 796 anhelitu
1302 743 1481 795 excreare.
1538 719 1725 794 Accedere
1750 732 1835 793 aute

333 847 458 923 minus
483 844 540 921 via
568 843 696 938 aliquis
725 844 880 951 audebat
901 855 1043 938 propter
1066 842 1242 935 fragorem
1273 839 1462 915 imbricum
1490 861 1580 934 quas
1606 838 1788 934 crepitans
1813 840 1860 913 sla

333 964 554 1062 displodebat
582 974 729 1061 eratque
758 973 870 1037 terror
894 961 1112 1045 vehemens,
1135 984 1219 1035 cum
1251 959 1385 1055 ignitas
1402 958 1536 1033 crustas
1564 958 1758 1049 flammeus,
1777 960 1861 1033 turb

304 1070 528 1180 ¹spergeret,
578 1086 656 1156 vnde
688 1092 780 1155 ctiam
822 1090 918 1156 raalio
945 1103 1000 1175 quc
1035 1085 1068 1154 in
1095 1085 1153 1154 toli
1181 1079 1342 1176 aereffrate
1370 1084 1490 1152 etilr'ter
1514 1074 1590 1170 fieri
1606 1076 1786 1176 potraffint,
1822 1086 1866 1152 im

272 1260 279 1269 .
333 1207 456 1277 saritur.
511 1203 617 1277 Adeo
644 1215 767 1276 autem
796 1200 835 1276 in
866 1212 943 1276 tarn
984 1199 1171 1277 miserabili
1206 1198 1309 1274 clade
1343 1197 1455 1272 animi
1492 1219 1586 1293 pene
1625 1197 1789 1272 omnium
1820 1211 1868 1272 tr

334 1321 597 1423 desperatione·
616 1322 825 1417 torpebant,
872 1333 912 1396 vt
941 1319 1031 1395 nibil
1060 1325 1094 1393 dr
1123 1324 1243 1421 claustri
1271 1321 1443 1393 liberatione
1470 1318 1661 1415 quisquam
1696 1316 1857 1411 cogitare

334 1441 397 1541 alii
432 1441 578 1538 quidem
612 1448 753 1514 curabiles
793 1462 881 1535 quas
912 1442 1061 1536 olisadcr
1101 1440 1310 1515 incendium
1342 1435 1562 1512 concluserat
1591 1436 1729 1532 eripere
1762 1437 1818 1533 *).

335 1584 421 1639 uero
445 1564 536 1634 libror
562 1559 599 1634 dr
625 1581 766 1656 queque
792 1559 938 1635 mobilia
969 1559 1158 1634 extrahere
1184 1559 1416 1640 festinabant,
1450 1569 1625 1653 erantque
1650 1556 1687 1629 in
1713 1556 1868 1631 marrim

333 1678 501 1755 scrimine
523 1693 598 1753 tam
622 1703 680 1753 res
706 1703 814 1776 quam
836 1702 985 1774 corpora
1005 1679 1193 1754 bominum
1220 1679 1353 1776 posita,
1379 1677 1467 1752 dum
1489 1675 1553 1773 qui
1579 1679 1614 1749 de
1626 1674 1713 1769 soris
1738 1677 1847 1751 adera

332 1797 405 1899 sbis
433 1797 556 1872 soliciti
589 1796 755 1893 periculis
784 1799 829 1873 ad
863 1799 1005 1895 propria
1027 1809 1251 1887 remearent,
1284 1797 1322 1875 dt
1346 1796 1456 1887 libere
1480 1795 1555 1889 jam
1583 1794 1682 1871 nullo
1714 1796 1868 1871 obslaut

334 1940 434 1993 ornias
461 1915 593 2009 officinas
624 1922 665 2003 (ς’
687 1928 812 2009 ungulos
841 1923 961 2013 claustri
986 1919 1133 1994 llamma
1156 1919 1357 1994 discureret.
1420 1916 1555 1991 Taliter
1577 1939 1663 1994 vero
1695 1915 1864 2011 inexting

334 2035 408 2131 jam
441 2035 731 2111 concrematione
770 2037 808 2113 in
840 2038 945 2112 sacris
978 2037 1154 2132 grassante
1190 2038 1320 2115 edibus
1355 2041 1500 2135 primm
1538 2041 1660 2130 quidam
1702 2040 1744 2125 &
1774 2037 1829 2109 La

332 2156 599 2255 trepidantibus
631 2159 667 2233 dc
696 2179 827 2231 manus
857 2158 963 2232 adse
993 2158 1229 2233 tendentibus
1259 2156 1355 2255 quasr
1383 2156 1558 2233 auxilium
1582 2156 1689 2232 laturi
1716 2156 1859 2232 sraudul

334 2275 370 2351 se
399 2275 610 2371 ingerebant
632 2298 768 2372 eosque
796 2276 975 2373 exemptis
1003 2278 1047 2351 ab
1072 2277 1156 2372 igue
1181 2277 1364 2353 sarcinulis
1384 2279 1550 2374 nequiter
1575 2274 1789 2373 spoliabant,
1814 2300 1867 2351 er·

335 2394 470 2491 duplex
503 2393 705 2482 tribulatio,
753 2396 839 2470 dum
867 2396 1036 2470 incendio
1068 2396 1107 2472 dr
1140 2397 1224 2489 suga
1260 2395 1471 2493 periclitatis
1505 2421 1635 2472 manus
1671 2421 1743 2471 non
1774 2419 1859 2492 parc

335 2513 515 2611 scelerate.
563 2513 624 2591 Sic
646 2527 686 2590 vt
716 2514 827 2590 solent
850 2515 1033 2611 naufragis
1065 2516 1217 2613 turpiter
1245 2514 1397 2590 abstrahi
1426 2540 1471 2590 ea
1501 2540 1572 2613 que
1606 2540 1698 2612 pene
1729 2516 1822 2591 nudi
1867 2560 1868 2575 ι

335 2635 395 2710 nis
429 2632 595 2710 slutlibus
621 2636 838 2710 extulerunt.
901 2634 971 2709 His
994 2620 1045 2710 ita
1069 2659 1132 2733 per
1158 2638 1300 2713 noctem
1335 2636 1441 2730 gellis
1470 2635 1543 2710 eliu
1570 2637 1741 2733 paulatim
1774 2635 1868 2712 satis·

339 2757 521 2829 Oratoriam
547 2752 704 2847 ingressis
739 2754 777 2830 dc
802 2754 944 2853 siquid
982 2760 1017 2829 rle
1039 2764 1175 2851 reliquiis
1204 2756 1389 2854 superesset
1424 2757 1610 2853 explorare
1641 2757 1847 2833 volentibus

51 2939 54 2956 ,
190 2882 198 2963 ᾗ
335 2872 534 2973 doloris&
561 2872 719 2950 horroris
744 2875 882 2969 efligies
908 2876 1117 2975 apparebat,
1157 2877 1245 2951 dum
1274 2876 1448 2953 delirulio
1484 2876 1600 2950 Altari
1635 2881 1868 2973 quodprias

335 3018 410 3070 nam
433 3004 519 3078 erat,
543 2992 723 3069 ruinosum
746 2993 926 3090 quoddam
955 3008 1094 3090 pateret
1119 2996 1299 3071 baratrirm
1326 2996 1362 3071 iu
1393 3020 1466 3093 quo
1482 2999 1567 3090 sieri
1589 3000 1708 3069 (lieres
1732 2996 1833 3093 sparsi

335 3115 479 3201 tebant,
517 3112 714 3209 exquibus
746 3113 942 3188 hincinde
968 3114 1128 3208 disjesiis
1155 3125 1213 3189 rix
1243 3120 1356 3210 aliquid
1379 3115 1497 3208 colligi
1519 3094 1679 3209 poterat,
1704 3121 1842 3212 qrrrrlai

335 3245 499 3311 notionem
528 3231 620 3327 ipfiar
645 3230 773 3305 Asturis
801 3234 971 3327 proficere
1000 3234 1228 3329 impolleuun
1256 3235 1483 3332 aliquatenus
1510 3232 1686 3328 potuisset.
1744 3237 1868 3312 blulti

286 3340 294 3361 ’
331 3354 443 3438 terim
466 3375 513 3427 ex
534 3349 697 3444 congesta
713 3349 900 3428 doloris&
916 3353 1073 3446 Auguris
1091 3355 1242 3427 materia
1259 3353 1295 3427 in
1314 3354 1481 3446 ambiguo
1503 3353 1757 3430 illustrantibus
1773 3359 1867 3431 adeo

335 3497 447 3573 parua
482 3469 540 3549 vel
571 3470 669 3545 nulla
697 3470 785 3556 suit,
826 3484 866 3545 vt
894 3495 938 3545 an
968 3471 1088 3547 locum
1120 3472 1322 3547 desererent
1349 3496 1393 3545 an
1428 3484 1573 3568 tempus
1602 3499 1748 3572 quoquo
1768 3480 1868 3553 mod

336 3594 519 3689 dimereut
543 3589 775 3666 indefinitum
812 3590 951 3687 prorsus
975 3603 1084 3686 atque
1118 3590 1294 3665 incertum
1325 3590 1520 3678 habereut,
1554 3593 1686 3689 quippe
1707 3594 1770 3692 qui
1795 3596 1832 3670 iu
1867 3638 1868 3642 ι

337 3710 579 3791 amaritudine
606 3708 752 3784 consilio
776 3708 906 3806 priuati
932 3710 1018 3805 quid
1047 3709 1263 3806 potilbmum
1295 3711 1469 3804 eligerent
1496 3707 1671 3788 discutere
1698 3714 1761 3791 vix
1781 3716 1862 3790 vale

220 3894 225 3899 .
335 3830 424 3910 Alta
451 3841 573 3905 tamen
606 3828 652 3902 ad
679 3827 749 3902 Dei
778 3828 1009 3905 clementiam
1034 3830 1265 3906 trahebantur
1290 3831 1452 3926 suspiria,
1477 3845 1517 3907 vt
1545 3835 1609 3931 qui
1633 3833 1738 3929 erigit
1769 3835 1868 3911 eliso

335 3954 436 4029 sanat
463 3947 639 4024 contritos
671 3947 797 4035 corde,
842 3946 919 4044 posi
949 3960 1024 4023 tam
1058 3948 1254 4025 dolendum
1290 3954 1327 4028 dr
1362 3952 1558 4025 miserabile
1590 3953 1773 4029 excidium
1803 3958 1868 4031 mi

335 4070 544 4167 dignaretur
576 4066 739 4173 antistis·
791 4065 1031 4163 Aporiabatur
1069 4082 1193 4143 autem
1224 4066 1320 4144 iuter
1348 4070 1415 4145 hec
1445 4072 1541 4146 mala
1567 4072 1753 4170 magisque
1788 4102 1850 4153 om

336 4190 417 4269 aliis
441 4185 694 4263 conterebatur
717 4184 840 4260 anima
866 4186 994 4262 Dorici
1014 4187 1170 4273 Asturis,
1197 4210 1279 4263 cum
1305 4188 1480 4265 Laborem
1504 4191 1564 4264 cui
1588 4192 1679 4267 vires
1697 4192 1780 4269 ‘suas
1802 4196 1868 4271 su·'

335 4335 411 4389 nou
431 4309 582 4406 putabat
610 4304 725 4381 subire
749 4316 957 4402 cogeretur,
985 4307 1043 4383 sed
1066 4307 1245 4384 suscitabit
1266 4308 1305 4381 in
1338 4332 1382 4382 eo
1411 4299 1511 4384 Deus
1540 4311 1699 4407 spiritum
1729 4315 1867 4395 bonum

377 4576 412 4657 ·)
435 4571 582 4637 Neronia
603 4587 652 4630 arec
668 4568 731 4652 post
751 4565 826 4631 bunc
846 4568 937 4633 lorum
954 4571 1113 4657 quidqium
1132 4569 1169 4637 de
1188 4567 1361 4636 mamitus
1373 4568 1505 4654 srimrcr,
1546 4592 1605 4638 non
1624 4576 1701 4641 vnde
1721 4576 1854 4663 ipsam

420 4699 482 4749 uos
502 4684 601 4753 orror,
633 4693 682 4739 rur
703 4676 848 4742 interitus.
