3736 5160
190 256 258 338 158
777 237 1209 333 *moe

442 414 748 539 Jontumus
802 402 1115 507 uunvuuu
1168 416 1374 506 nuans
1421 416 1559 505 xxtu.

284 578 534 657 Contanuan
555 580 688 677 egregii
717 580 887 656 Nominis
911 556 1045 658 Vrbem
1071 578 1133 655 hic
1150 579 1274 657 Abb'as
1297 577 1456 652 Patriam
1470 573 1642 651 babuisse
1663 574 1821 655 constat.

187 703 333 781 Eletius
361 700 411 774 est
439 700 532 775 circa
564 699 709 775 initium
740 698 1025 776 Osiobrisanno
1054 698 1335 796 1418.mos'tur
1358 719 1455 772 anno
1484 717 1588 792 ¹437·
1626 719 1679 794 17·
1707 694 1824 794 Apri·

187 823 254 911 lis,
292 825 330 900 dr
364 833 481 896 terrae
520 819 559 897 in
590 818 738 918 Capella
775 817 820 895 Β.
852 818 1010 915 Virginis
1040 820 1254 906 mandatur,
1306 817 1360 893 ita
1394 815 1653 937 Necrologium
1687 817 1824 898 Weis-

187 940 362 1042 gartens.

285 1174 417 1257 Primis
448 1200 537 1255 mox
567 1174 835 1273 regiminis.sui
863 1174 1018 1263 Aonias
1044 1174 1224 1253 Moniaies
1253 1164 1453 1262 notenses,
1491 1170 1638 1271 abipsa
1669 1166 1837 1251 Funde}

188 1301 289 1379 tione
320 1299 458 1395 semper
487 1296 525 1372 in
547 1296 805 1395 temporalibus
833 1319 947 1394 aeque
970 1320 1013 1371 ac
1043 1296 1284 1394 spiritualibus
1315 1292 1576 1391 Weingartens
1598 1292 1824 1371 Mouasierio

188 1402 381 1515 sublestae,
428 1429 598 1497 excutere
624 1417 775 1492 omnino
807 1413 953 1511 jugum,
1000 1439 1042 1492 ac
1080 1417 1130 1493 sui
1157 1416 1226 1491 else
1248 1414 1339 1511 juris
1365 1414 1624 1499 moliebantur,
1661 1436 1704 1489 re
1734 1437 1822 1490 vero

190 1542 236 1616 ad
269 1536 502 1616 Ordinarium
534 1537 766 1634 superiorem,
802 1535 1016 1632 Episcopum
1048 1535 1357 1613 Constantiensem
1386 1533 1524 1621 delata,
1564 1556 1639 1609 non
1670 1518 1822 1612 tantum

106 1753 110 1761 Ι
188 1659 305 1737 caussa
330 1657 556 1743 ceciderunt,
593 1654 793 1731 sedetiam
821 1678 869 1729 ne
897 1654 1016 1752 aliqua
1048 1656 1222 1752 deinceps
1254 1656 1300 1729 ad
1323 1654 1489 1730 ordinem
1518 1674 1647 1729 recens
1671 1651 1823 1752 suscipe·

188 1794 289 1859 retur
319 1778 489 1853 statutum
526 1774 614 1861 suit,
649 1774 842 1851 constituta
868 1773 1016 1873 reliquis
1049 1776 1097 1850 ad
1120 1776 1216 1851 vitae
1239 1774 1320 1849 dies
1350 1785 1448 1849 certa
1479 1771 1668 1873 pensone,
1713 1784 1822 1873 atque

188 1880 238 1976 iic
267 1880 424 1975 hoiensis
448 1892 666 1972 Mooialium
691 1886 832 1971 Coetus
852 1896 1077 1993 pedetentim
1101 1894 1307 1971 exitiosius.
1356 1895 1449 1970 Rem
1472 1910 1558 1969 cum
1578 1892 1725 1992 Joanue
1750 1894 1823 1970 Da·

181 2019 304 2119 pisero
337 2017 495 2094 Sueuiae
529 2013 730 2102 Praesetto,
775 2015 928 2114 aliisque
959 2016 1146 2115 judicibus
1178 2012 1333 2091 contulit
1368 2013 1457 2089 Otto
1491 2012 1690 2111 Episcopus
1725 1998 1822 2091 Con'·

191 2135 409 2241 slantiensrs,
436 2149 544 2235 atque
575 2135 726 2213 undem
753 2136 930 2213 sententia
960 2138 1060 2213 anno
1086 2160 1190 2236 1420.
1229 2133 1267 2209 in
1293 2131 1366 2209 Die
1394 2132 1551 2230 Agnetis
1587 2132 1821 2213 Constantine

191 2257 268 2335 iata
291 2256 351 2334 est.

288 2490 444 2591 Egregie
468 2491 604 2569 fallitur
626 2491 836 2584 Brutorum,
861 2493 1070 2573 existimaus
1091 2518 1137 2570 eo
1161 2496 1318 2595 primum
1335 2486 1499 2593 tempore
1517 2490 1707 2571 Holenam
1722 2515 1824 2573 coru·

50 2706 60 2715 ,
123 2596 128 2605 ’
195 2627 374 2697 mutatam
400 2612 438 2688 in
463 2611 743 2709 Praeposituram
770 2614 880 2692 fuisse.
948 2615 1189 2693 Certiilimum
1213 2615 1311 2692 enim
1342 2640 1389 2690 ex
1415 2612 1665 2725 antiquissmis
1687 2614 1825 2691 mono-

195 2737 331 2818 mentis
354 2732 533 2815 redditur.
558 2755 579 2805 a
600 2732 778 2809 sexcentis
796 2734 873 2831 jam
898 2736 1029 2811 annuis
1053 2735 1275 2833 Praepositos
1288 2735 1425 2813 ibidem
1446 2732 1632 2821 exstitisse,
1659 2733 1723 2833 qui
1745 2734 1824 2810 red·

146 2896 153 2905 ·
197 2859 298 2936 ditus
333 2851 482 2929 nomine
514 2851 670 2929 Abbatis
697 2848 976 2950 Weingartensrs
1012 2856 1319 2944 administrarent,
1370 2855 1591 2932 Monialibus
1627 2856 1677 2930 de
1717 2854 1824 2931 Vitae

198 2972 400 3055 necessariis
435 2971 685 3071 prouidereut‚
718 2985 828 3071 atque
851 2977 976 3052 munia
1005 2976 1222 3073 parochialia
1244 2976 1406 3059 obirent,
1446 2988 1525 3050 tum
1548 2974 1650 3052 enim
1675 2974 1825 3074 Capella

198 3101 237 3176 S.
262 3093 402 3173 Nicolai
431 3092 468 3167 in
493 3091 691 3167 Buchhorn
718 3090 791 3168 filia
816 3107 960 3171 tantum
986 3095 1162 3175 Ecclesiae
1185 3100 1221 3173 S.
1245 3098 1417 3173 Andreae
1442 3092 1657 3192 parochialis
1681 3094 1726 3173 in
1746 3096 1819 3171 slo-

198 3216 260 3297 feu
291 3225 388 3297 erat.
424 3210 605 3311 posteriori
631 3213 782 3291 demum
803 3227 967 3316 tempore
988 3219 1028 3293 in
1056 3217 1246 3296 matricem
1273 3217 1409 3293 euesta.
1436 3216 1493 3312 Ἴ.

297 3452 373 3529 Sub
402 3449 523 3546 Hujus
548 3448 703 3528 Abbatis
730 3451 923 3549 Regimine
954 3455 1088 3533 bellum
1119 3468 1246 3555 cpntra
1271 3452 1429 3557 Hussrtas
1451 3452 1489 3528 iu
1515 3452 1699 3531 Bohemia
1726 3474 1830 3549 gere·

203 3574 325 3662 batur,
364 3572 411 3647 ad
435 3569 533 3667 quod
565 3569 603 3645 dr
624 3568 696 3665 lpse
717 3571 816 3651 suam
838 3577 999 3675 conserte
1024 3574 1208 3653 simbolam
1239 3573 1383 3661 debuit,
1420 3573 1535 3649 immo
1560 3572 1654 3649 aliae
1680 3596 1833 3673 quoque

204 3718 279 3773 non
306 3692 409 3771 leues
433 3687 618 3786 Expensae
645 3687 815 3768 ferendae
843 3696 930 3772 huic
960 3696 1095 3775 Abbati
1122 3697 1242 3782 suere,
1280 3716 1395 3794 quum
1419 3693 1548 3769 Exteri
1579 3693 1734 3790 quidam
1760 3692 1834 3771 sese
1864 3788 1867 3795 Ι

836 3862 838 3866 1
1687 3815 1838 3893 nedum

247 4007 282 4091 ⁸)
302 4004 394 4072 Anno
416 4022 509 4086 1430.
532 4022 581 4088 19.
599 3999 698 4089 &arrii
714 4024 770 4089 per
788 4004 908 4071 nmdrrm
931 4010 1124 4099 Compromrffi
1143 4028 1164 4075 a
1186 4008 1263 4074 DD.
1285 4005 1451 4075 Atriatibus
1469 4004 1701 4097 Cumpidaaflrffi
1728 4008 1835 4077 Wria·

290 4111 420 4200 portensi
430 4155 439 4185 ,
471 4104 687 4196 octnbmesano
707 4110 747 4180 Θ
767 4113 950 4197 Brigantiae
971 4114 1111 4201 &earm
1133 4116 1292 4201 Mangotor
1312 4136 1351 4179 ex
1369 4110 1493 4202 prosrffo
1506 4110 1657 4199 sacerdote
1680 4114 1836 4207 Menapia·

207 4288 210 4297 ,
240 4282 257 4293 ,
293 4220 334 4283 rii
367 4214 592 4303 ss'er'rrgortcnfis
621 4219 779 4305 poflrdalus
808 4219 847 4289 ss
876 4220 976 4286 elesius
1009 4221 1179 4310 efl'Asrbcs
1209 4220 1358 4309 melfis,
1401 4224 1453 4307 qni
1479 4242 1551 4285 moer
1576 4219 1618 4287 ud
1648 4220 1836 4310 Episcopum

293 4320 506 4410 Sciaufflrufiarn
526 4320 683 4407 'professus
713 4346 770 4411 per
798 4329 914 4393 enardi
932 4322 1098 4417 affixionem
1129 4329 1169 4399 &l
1199 4329 1297 4394 Birrti
1334 4326 1546 4414 Impofitrbnern
1582 4330 1616 4391 ἐκ
1649 4328 1837 4421 Asenqsrr'in

293 4431 422 4496 omniun
441 4426 611 4515 smrdiorrrm
627 4429 819 4519 confimaturus
843 4438 882 4525 ess
908 4434 955 4500 dir
982 4446 1014 4510 8.
1034 4434 1123 4521 t,Jalii
1150 4435 1232 4514 (albi
1258 4434 1368 4517 legitur
1393 4444 1445 4508 18.
1467 4431 1578 4519 gladii)
1606 4434 1705 4501 oden
1733 4458 1835 4516 m.

295 4535 404 4603 utiliter
419 4532 552 4621 praeficit
572 4536 612 4605 Θ
629 4537 774 4603 meliorem
800 4561 840 4605 ex
864 4541 919 4609 soor
946 4539 1172 4631 aitosngreffru
1190 4543 1229 4632 esl
1247 4560 1326 4605 anno
1346 4536 1456 4625 salatia
1484 4558 1580 4627 1459;
1605 4541 1705 4608 eodem
1730 4564 1836 4631 nempe

214 4704 217 4709 ,
297 4640 814 4835 Λῗῢϋρηκαωόἑση.
835 4648 1300 4741 &balsamonem
1320 4642 1624 4744 Aiicttffiw‘rll'ir
1650 4651 1698 4717 ὼ
1724 4650 1835 4721 0Μῦ

173 4820 176 4825 ,
296 4747 335 4817 V
411 4747 481 4819 ,Θ
499 4748 606 4841 mssrr.
718 4754 722 4761 '
