3736 5160
121 237 189 311 190
741 217 1161 309 ammae*
1288 266 1291 273 ·

118 423 182 498 pro
204 397 378 481 secundo,
404 395 443 472 dr
470 393 627 492 reliquos
643 396 751 472 duos
776 395 857 470 dies
884 418 947 492 pro
972 392 1080 469 tertio
1104 392 1231 470 ultimo
1255 391 1293 470 δε
1313 395 1557 494 peremptorio
1588 393 1752 473 termino

118 517 292 596 canonica
317 513 518 590 monitione
548 515 749 609 praemissa,
791 514 938 589 cuilibet
964 535 1090 588 eorum
1116 512 1349 611 alligiiamus,
1375 514 1543 591 videlicet
1569 518 1615 592 ab
1639 538 1753 590 occu·

118 636 326 735 pationibus
354 633 615 731 possessionibus
647 631 704 710 vel
733 631 830 731 quasi
854 630 1042 726 regiminis
1063 632 1102 711 ἂ
1123 632 1462 721 administrationis,
1499 656 1542 709 ac
1567 635 1755 712 bonorum

120 757 235 837 distae
262 751 441 829 Ecclesiae
468 751 675 849 juriumque
703 749 1064 845 &pertinentiarum
1091 752 1257 829 omnium
1289 753 1456 848 ejusdem
1478 752 1638 839 desistat,
1673 753 1756 851 pol-

120 877 372 969 selsionemque
407 869 618 966 hujusmodi
650 892 814 955 vacuam.
829 869 979 946 liberam
1012 873 1050 948 δι
1081 873 1290 969 expeditam
1316 873 1477 969 praelato
1501 873 1663 948 Mdrnbo
1695 871 1758 950 vel

122 996 200 1093 ejus
230 990 392 1086 legitimo
416 989 659 1087 procuratori,
693 992 776 1075 det,
814 990 954 1075 tradat,
980 992 1198 1075 dereiner,
1226 1014 1269 1067 ac
1290 991 1412 1088 ipsum
1431 991 1628 1066 Laeuino
1647 1013 1758 1087 prae·

123 1116 238 1191 dislae
270 1108 446 1184 Ecclesiae
472 1109 625 1205 praeelse
655 1108 838 1206 permittat
861 1108 1009 1206 pacisice
1033 1114 1071 1187 di
1096 1108 1235 1207 quiete,
1287 1133 1356 1184 nec
1390 1133 1463 1185 non
1496 1111 1543 1186 de
1575 1110 1756 1187 srustibus

123 1231 321 1333 peripsum
349 1231 492 1302 Ortonam
512 1227 645 1304 exinde
672 1227 870 1327 perceptis,
908 1230 946 1307 sc
970 1228 1033 1327 qui
1054 1229 1188 1327 percipi
1209 1240 1406 1329 potuerunt
1428 1228 1574 1304 damnis
1602 1251 1756 1328 quoque

123 1354 162 1433 dc
182 1347 363 1433 interesse,
404 1370 497 1445 quae
528 1346 599 1444 ipse
624 1348 803 1422 hamescas
836 1349 1033 1447 Episcopus
1067 1351 1227 1449 qualibet
1253 1347 1521 1446 praemissorum
1561 1348 1756 1425 occasione

124 1468 331 1550 incurrerit.
355 1465 550 1543 satisfaciat
573 1467 712 1562 integre
733 1466 877 1544 realiter
899 1472 937 1546 si
962 1493 1047 1547 cuni
1074 1468 1218 1553 effectu,
1256 1469 1317 1544 seu
1344 1465 1528 1565 superbis
1550 1466 1636 1541 aliis
1667 1491 1752 1546 cuin

124 1592 257 1667 eodem
284 1587 441 1660 Lndcnico
464 1586 519 1661 vel
542 1598 772 1683 procuratore
802 1585 862 1661 suo
890 1588 1127 1664 amicabiliter
1153 1598 1364 1684 componat,
1403 1587 1442 1663 dr
1461 1587 1507 1661 de
1532 1597 1662 1663 cetero
1686 1610 1750 1685 pro

124 1710 235 1787 eletio
253 1703 514 1782 Conllaiitieusi
539 1706 572 1778 se
593 1729 666 1780 non
687 1717 809 1801 gerat,
834 1729 902 1780 nec
920 1707 1070 1795 liabeat,
1096 1718 1160 1781 aut
1180 1706 1371 1781 nominare
1391 1715 1574 1803 reputare,
1601 1705 1663 1781 vel
1684 1704 1749 1783 ha·

26 1879 35 1892 ι
125 1834 225 1911 bere,
252 1826 313 1899 seu
335 1824 515 1901 nominari
540 1825 715 1922 reputari,
757 1824 813 1901 vel
836 1824 960 1901 haberi
982 1825 1099 1903 sacere
1126 1823 1340 1924 praesumat.
1422 1823 1636 1921 Capitulum
1668 1852 1763 1905 vero

125 1950 255 2027 Clarus
275 1944 426 2041 populus
449 1943 687 2021 canonici&
711 1945 904 2039 fiiigulares
928 1945 1097 2043 personae
1128 1944 1308 2021 Ecclesiae
1339 1946 1378 2022 rii
1401 1943 1521 2043 populi
1551 1947 1762 2043 praedisio-

117 2072 206 2151 'rum
232 2065 391 2139 eundem
412 2063 603 2139 Ludna-rai
642 2062 680 2137 in
705 2063 919 2161 Episcopum
947 2064 1243 2141 constantiensem
1271 2063 1473 2141 Praesulein
1500 2066 1538 2143 dr
1565 2064 1767 2147 Pastorem

126 2187 330 2266 animarum
350 2182 549 2257 eorundem
581 2208 649 2259 nec
675 2206 751 2259 non
774 2186 821 2260 ad
842 2182 1032 2279 regiminis
1060 2190 1097 2263 dr
1134 2183 1454 2260 administrationis
1494 2206 1537 2257 ac
1570 2186 1771 2265 bonorum

127 2306 388 2406 praedislorum
411 2301 651 2398 poneffionem
676 2300 732 2377 vel
756 2300 853 2401 quasi
876 2302 1070 2399 recipiant,
1101 2308 1143 2381 ,dr
1165 2304 1384 2390 admittant,
1419 2325 1463 2379 ac
1481 2302 1594 2403 recipi
1624 2304 1668 2383 δι
1693 2309 1775 2384 ad-

127 2424 227 2505 mitti
251 2422 403 2507 iiciant,
442 2443 597 2517 euinque
628 2419 843 2517 Episcopum
866 2420 1176 2527 constantiensem
1204 2423 1365 2499 habeant
1394 2422 1589 2499 nominent
1623 2427 1665 2505 ἀ
1695 2450 1771 2525 ap·

127 2544 281 2645 pellent,
321 2544 359 2616 di
381 2541 426 2613 ab
448 2538 528 2615 aliis
549 2536 674 2615 haberi
701 2539 881 2616 nominari
917 2539 1163 2641 &appellari
1235 2541 1363 2618 Vasalli
1393 2554 1518 2619 autem
1547 2542 1588 2621 δι
1621 2544 1774 2623 subditi

129 2660 282 2747 Coloni,
308 2656 508 2743 frusiuarii,
533 2656 781 2742 laboratores,
818 2662 855 2735 &
876 2656 1125 2735 airendatores
1152 2642 1410 2739 'obedientiam
1438 2663 1477 2740 ὅι
1504 2664 1769 2745 reuerentiam

129 2782 270 2860 debitas
298 2782 334 2855 dr
362 2777 533 2862 denotas,
557 2776 698 2874 aliaque
724 2775 867 2853 seruitia
894 2777 1034 2873 &jura
1060 2778 1180 2855 eidem
1208 2778 1366 2857 Lndnnr'co
1390 2781 1503 2859 eleslo
1529 2783 1574 2857 ab
1602 2783 1663 2858 eis
1695 2788 1767 2863 de·

128 2901 206 2982 bita
225 2896 390 2972 exhiberi
409 2896 555 2972 saciant.
607 2899 685 2974 Nec
707 2896 843 2974 ditium
866 2898 1010 2971 Ortonam
1036 2919 1101 2993 pro
1128 2898 1251 2977 Elesro
1280 2900 1539 2976 Constantiensi
1556 2902 1609 2977 de
1630 2920 1766 2981 cetero

128 3020 290 3099 habeant
313 3015 507 3091 nominent
534 3019 571 3095 dr
600 3015 792 3114 appellent.
842 3016 1017 3092 Fautores
1037 3041 1182 3115 quoque
1206 3018 1424 3095 consultores
1449 3021 1761 3103 &adhaerentes

130 3137 326 3235 complices
349 3138 386 3212 ἃ
415 3135 582 3231 sequaces
604 3136 791 3233 praedisii,
830 3135 1106 3233 apraellatione
1128 3138 1252 3213 auxilii
1283 3136 1419 3214 consilii
1439 3140 1595 3228 sartoris,
1624 3168 1672 3221 ac
1695 3146 1755 3223 ad·

129 3254 308 3335 haesionis
329 3254 368 3331 ἀ
397 3252 537 3351 sequela
562 3252 773 3348 hujusmodi
802 3256 952 3333 omuino
973 3254 1150 3331 desslant.
1200 3256 1372 3355 Alioquin
1395 3258 1432 3334 in
1460 3284 1592 3338 omnes
1621 3267 1665 3345 ἀ
1689 3264 1749 3343 sin·

129 3376 234 3473 gulos
262 3373 460 3470 praedirlos
483 3376 520 3451 dr
543 3374 740 3471 quemlibet
760 3396 888 3449 eorum
914 3374 950 3449 iii
981 3397 1114 3469 genere
1142 3375 1315 3472 &specie
1344 3399 1407 3473 per
1431 3402 1499 3454 nos
1523 3385 1694 3461 monitos
1717 3398 1758 3464 vt

131 3495 327 3595 praefertur
354 3491 415 3588 qui
444 3492 536 3568 iiisra
563 3490 676 3568 distos
704 3491 761 3566 sex
789 3493 869 3569 dies
899 3493 933 3567 in
965 3505 1085 3568 totum
1117 3493 1173 3571 vel
1206 3518 1269 3592 pro
1300 3509 1401 3592 parte
1427 3500 1761 3583 monitionibus&

132 3611 315 3691 mandatis
337 3609 545 3703 hujusmodi
578 3635 651 3685 non
675 3612 875 3709 paruerint,
910 3616 947 3688 di
971 3611 1166 3709 quominus
1189 3627 1354 3709 pareatis
1376 3614 1543 3707 seceriut,
1582 3621 1764 3701 suaserint

134 3734 190 3811 vel
217 3732 306 3807 alias
335 3730 383 3804 ad
412 3728 451 3804 id
480 3730 612 3807 ditesce
644 3730 698 3805 rel
729 3730 902 3807 indirerre
925 3729 1043 3826 palam
1079 3742 1144 3804 aut
1182 3734 1322 3808 occulte
1350 3735 1524 3813 auxilium
1546 3741 1605 3817 vel
1640 3742 1766 3821 consi-

133 3854 222 3928 lium
245 3848 413 3925 dederint
438 3848 540 3945 lapss
566 3848 624 3923 sex
640 3840 780 3923 'diebus
803 3849 945 3925 eisdem
975 3873 1021 3923 ex
1043 3868 1140 3925 nuuc
1161 3863 1268 3948 prout
1295 3877 1342 3929 eii
1368 3866 1454 3930 tunc
1476 3854 1501 3931 si
1525 3858 1693 3961 Episcopi
1718 3868 1768 3943 dc

135 3971 329 4070 superiores
351 3965 484 4079 suerint
500 3967 677 4044 interdisri
694 3966 864 4063 ingressos
890 3968 1088 4043 Ecclesiae:
1119 3968 1158 4045 in
1181 3969 1270 4047 alios
1294 3996 1381 4050 vero
1405 3975 1449 4052 ab
1467 3975 1523 4050 eis
1541 3983 1773 4075 praemilsae

134 4084 531 4169 Excommuiiicationis
563 4090 599 4164 ib
627 4088 872 4163 anathematis
899 4086 1113 4163 sententiam
1141 4087 1351 4166 autiorirate
1376 4094 1413 4170 dr
1442 4093 1589 4173 scientia
1612 4104 1775 4198 praedi·

135 4210 200 4289 slis
225 4206 424 4283 eorundem
467 4206 669 4302 patentium
705 4220 831 4282 tenore
860 4206 1009 4281 serimus
1053 4210 1091 4287 dr
1132 4210 1401 4305 promulgamus
1435 4212 1473 4289 iii
1505 4214 1564 4291 liis
1599 4218 1770 4319 scriptis.

128 4330 268 4429 liqna
289 4325 334 4400 ab
363 4325 434 4398 alio
458 4348 565 4423 quain
591 4324 770 4401 asumino
797 4325 972 4401 Pontisice
998 4336 1247 4422 praeterquam
1275 4328 1312 4402 in
1334 4328 1463 4415 mortis
1485 4332 1639 4417 articulo
1666 4366 1772 4421 corio

133 4446 248 4557 ilituti
271 4453 454 4547 nequeant
475 4442 707 4525 absolutionis
729 4443 945 4527 beneficium
972 4443 1154 4527 ullatenus
1175 4444 1349 4524 obtinere.
