3736 5160
475 194 482 208 ·
677 186 1098 282 mm*
1188 186 1191 191 ’
1624 210 1698 289 419

169 367 383 465 Sequuntur
403 387 492 440 mox
515 362 629 441 etiam
642 365 796 443 'litterae
824 392 844 439 a
864 366 1172 445 Reuerendiffimo
1195 366 1355 445 Domino
1379 367 1523 470 abbate
1552 368 1697 469 Georgia
1828 374 1843 395 ·’

84 487 118 563 ul
150 485 483 562 Eminentiffimum
522 483 723 564 Dominum
754 484 985 565 Cardiualem
1016 488 1241 569 Madrutium
1278 513 1374 568 anno
1411 513 1515 587 1593.
1548 489 1588 572 in
1620 488 1698 565 lub-

84 607 194 685 'untla
221 603 377 685 formula
408 602 580 699 scriptae:
607 704 609 712 Ι

356 817 565 919 Illuflrifflme
590 844 631 894 nc
655 817 920 922 Reuerendifflme
942 818 1121 921 Princeps!
1193 913 1195 917 v

169 1055 192 1086 „
204 998 264 1074 Est
276 997 314 1074 ln
332 997 470 1073 ditione
482 997 600 1076 Vicini
614 998 723 1074 nostri
738 998 882 1074 illustria
891 996 1048 1075 Comitis
1062 996 1212 1073 Domini
1225 996 1401 1097 Joachimi
1416 1021 1526 1098 prope
1532 999 1699 1079 castrum

85 1118 215 1214 ,Santi
233 1119 372 1193 Montis
388 1116 542 1193 Ecclesia
562 1116 742 1216 quaedam
761 1118 961 1213 collegiata
989 1118 1049 1199 sub
1069 1117 1274 1192 patrocinio
1291 1118 1518 1196 Beatiffimae
1538 1117 1698 1215 Virginis
1851 1204 1853 1209 ,

84 1222 99 1323 ,’
106 1241 144 1316 dr
160 1238 199 1312 S.
215 1237 410 1313 sebastiani
424 1239 595 1334 Martyris
616 1238 654 1313 in
671 1238 980 1314 Bettenbrunnen.
1010 1235 1129 1330 Cujus
1143 1237 1232 1323 Loci
1246 1237 1486 1334 Praepositum
1503 1263 1565 1335 per
1581 1260 1698 1314 annon

84 1359 287 1447 ,ducentos
301 1357 438 1452 semper
454 1356 712 1436 confirmarunt
726 1359 760 1433 dr
774 1356 1003 1435 instituerunt
1021 1353 1226 1434 Decellores
1242 1356 1316 1431 mei
1335 1357 1498 1440 Abbates
1508 1358 1698 1452 Weingar·

84 1477 244 1565 ,tenses,
279 1474 480 1572 &quidem
500 1497 550 1548 ex
573 1474 778 1572 Apostolica
793 1475 1043 1563 Concellione,
1075 1485 1116 1552 vt
1132 1474 1280 1570 adparet
1301 1499 1347 1550 ex
1363 1476 1488 1573 Copiis
1502 1499 1596 1580 quae
1614 1474 1700 1551 mit·

84 1607 244 1683 ,tontur⁸
283 1594 338 1673 Ea
348 1592 709 1674 oocafioneEcclefia
728 1595 789 1673 illa
805 1596 978 1672 hedenus
996 1592 1132 1695 semper
1144 1592 1265 1670 habita
1287 1593 1337 1669 est
1351 1618 1415 1691 pro
1431 1597 1607 1678 Exemtar
1631 1617 1698 1670 ne·
1723 1645 1726 1649 -
1830 1660 1833 1667 .

84 1738 178 1817 ,que
199 1715 310 1793 ullum
328 1713 378 1788 est
395 1712 613 1810 Exemplum
629 1714 686 1793 vel
703 1714 897 1800 memoria,
920 1735 984 1810 per
1002 1711 1235 1809 ordinarium
1249 1714 1440 1819 aliquando
1457 1702 1542 1791 eum
1556 1712 1697 1799 Locum

84 1833 353 1924 ,uelPerlonaa
378 1832 458 1927 ejus
476 1831 575 1907 soille
597 1830 771 1919 visitatas,
797 1833 993 1917 porreiras,
1019 1832 1243 1925 adprobatus,
1304 1834 1379 1908 Sed
1402 1833 1501 1910 nullo
1523 1833 1697 1910 hattenus
1844 1825 1848 1831 ’

86 1953 329 2045 ,reclamante
361 1951 573 2035 &Cultum
600 1952 795 2039 Diuinum,
836 1955 874 2030 dr
900 1952 1217 2029 sacramentorum
1241 1952 1588 2031 administrationem
1620 1951 1698 2046 (eli

84 2072 206 2161 ,enim
231 2071 333 2148 timul
363 2070 558 2166 l’aroohia)
591 2068 702 2147 libere
728 2071 807 2168 ejus
832 2070 902 2146 loci
935 2070 1136 2147 sacerdotes
1157 2083 1408 2155 exercuerunt.
1479 2072 1587 2149 Nunc
1612 2092 1697 2149 vero

84 2190 401 2291 ‚,Reurrendillrmi
434 2189 540 2264 nostri
566 2190 746 2273 ordinarii
778 2186 1060 2266 constantienfia
1097 2189 1265 2267 vicarius
1298 2193 1336 2272 dr
1358 2190 1566 2272 Ecclesiam
1597 2188 1697 2267 issam

84 2308 259 2404 ,uifitarm
299 2312 336 2387 dr
372 2307 615 2405 Praepontum
650 2309 753 2387 illum
781 2312 826 2386 ab
861 2307 1062 2387 Ordinario'
1080 2309 1368 2389 confirmandum
1399 2309 1468 2384 elle
1494 2309 1698 2390 contendit.

84 2432 156 2520 ,Et
178 2431 327 2529 quidem
352 2427 525 2525 posterius
546 2428 643 2514 hoc,
694 2452 779 2508 cum
804 2427 933 2507 diserte
957 2448 1043 2502 cum
1066 2428 1187 2525 nostro
1210 2428 1294 2526 Jure
1326 2450 1349 2503 a
1381 2428 1462 2504 sede
1494 2428 1699 2529 Apostolica

83 2550 192 2636 ,huic
218 2547 433 2633 Monasterio
467 2546 630 2622 concello
665 2548 759 2646 (eui
792 2571 992 2646 numquam
1026 2549 1162 2623 sacrum
1200 2546 1406 2629 Concilium
1443 2545 1699 2628 Tridentinurn

84 2667 289 2762 ,derogatio
312 2667 480 2763 uidetur)
520 2677 674 2767 pugnet,
713 2667 752 2742 id
785 2669 877 2743 ferre
904 2667 965 2745 vix
987 2665 1179 2762 pollumus.
1251 2668 1310 2747 Vt·
1329 2677 1516 2763 propterea
1545 2669 1592 2740 ad
1618 2666 1698 2742 illu·

84 2786 298 2876 ,striffimam
322 2784 617 2863 Dominationem
643 2785 805 2865 Vestram
831 2784 1114 2878 confugiendum
1133 2782 1390 2860 censuerimus.
1450 2785 1543 2865 Eam
1569 2808 1698 2880 rogan·
1746 2817 1749 2823 ·

83 2921 170 2996 ,tes
197 2918 334 2982 uttam
359 2918 465 2985 vetus
500 2901 590 2991 hoc,
632 2905 669 2980 dr
692 2927 892 3005 numquam
924 2904 1163 3007 interruptum
1192 2901 1395 2977 Monasterii
1424 2900 1534 2980 nostri
1560 2903 1626 3007 Jus
1659 2902 1698 2978 in

86 3025 355 3115 ,confirmando
380 3022 582 3119 Praepofito
606 3019 951 3109 Bettenbrunneoli,
990 3044 1099 3119 quam
1125 3020 1303 3105 Ecclefiae
1327 3020 1421 3097 illius
1444 3023 1618 3122 hattenus
1642 3044 1699 3097 re·

84 3160 253 3241 ,ceptam
277 3167 320 3219 ac
343 3144 531 3240 probatam
556 3140 770 3221 libertatem,
835 3141 980 3218 Summi
1005 3136 1192 3217 Pontificis
1216 3161 1316 3217 noua
1340 3141 1612 3218 con-firmatione
1642 3165 1701 3218 ro·
1820 3240 1824 3245 ι

87 3265 222 3355 ,borari
243 3274 353 3341 curet.
402 3261 599 3367 Sperarnus
624 3284 709 3337 vero
734 3285 781 3336 ex
803 3261 871 3336 hac
896 3284 993 3368 noua
1016 3258 1247 3342 liberalitate,
1295 3271 1405 3356 atque
1430 3260 1467 3335 iu
1493 3286 1583 3348 nos,
1624 3264 1700 3339 Do·
1800 3255 1826 3298 ·’

84 3384 248 3475 ,minum
274 3380 479 3464 Comitem,
527 3378 719 3476 locumque
743 3380 845 3455 iilum
867 3380 1108 3472 benignitate,
1146 3401 1266 3474 neque
1290 3377 1400 3455 ullum
1425 3379 1700 3460 incommodum

84 3504 147 3597 ,in
172 3501 308 3577 Diuino
342 3498 454 3572 Cultu
480 3496 702 3584 secuturum,
751 3501 788 3580 dr
822 3522 890 3574 nos
915 3509 1013 3581 nouo
1038 3496 1213 3572 beneficio
1232 3497 1441 3586 deuinstos,
1481 3501 1613 3599 quibus
1646 3501 1701 3578 vi·
1799 3556 1809 3575 .

87 3621 222 3709 ,cillrm
247 3617 428 3717 pollumua
450 3609 614 3701 Officiis,
657 3617 815 3712 gratiam
838 3615 940 3697 istam
967 3615 1276 3714 compensaturus·
1338 3616 1597 3698 illustriffimam
1628 3620 1700 3695 Do·
1794 3612 1800 3621 ’

85 3739 345 3830 ,minationem
368 3735 528 3814 Vestram
554 3739 645 3817 bene
669 3736 787 3812 valere
813 3738 997 3833 optamua,
1033 3737 1139 3832 eique
1161 3758 1297 3811 annum
1321 3735 1553 3813 feliciffimum
1577 3752 1598 3812 a
1620 3737 1699 3812 Deo

84 3861 246 3957 ,optimo
270 3856 434 3933 Maximo
462 3877 661 3953 precamur.
725 3856 864 3937 natum
887 3856 926 3931 in
952 3852 1213 3951 Weingarteulr
1243 3855 1361 3938 nostro
1387 3846 1602 3936 Monalierio
1633 3862 1700 3936 ota

84 3979 256 4083 ,Januan
280 3998 379 4055 anno
405 3997 521 4074 uaa-
1056 3998 1059 4002 ·

700 4066 929 4172 Iliuflrqfimoe
961 4069 1012 4147 D.
1051 4068 1097 4147 V.
1150 4076 1153 4081 ’

745 4213 748 4219 ’
1113 4292 1120 4304 ,
1201 4208 1367 4282 Voluntati
1383 4220 1510 4296 paratae
1529 4210 1573 4295 ⁶).
1668 4255 1674 4265 -

907 4378 1061 4473 Gggn
1275 4474 1280 4485 ¹
1556 4375 1699 4453 Interea
1797 4440 1802 4449 .

118 4563 155 4645 ³)
177 4559 440 4626 Harenatium
459 4563 491 4624 in
511 4578 544 4624 re
566 4559 773 4648 Controuerfia.
830 4548 992 4650 Cdfifflmun
1017 4555 1190 4624 ordonatus
1213 4553 1370 4642 mm
1397 4556 1568 4627 Fundam
1594 4548 1700 4629 Abiu
1745 4504 1750 4511 Ι
1780 4552 1785 4561 ’

128 4669 130 4672 ’
170 4666 397 4754 Weingorrenfls
417 4667 663 4776 Praepofitum
1836 4666 1839 4671 ’
