3736 5160
190 121 256 197 108
326 64 329 73 ι
553 128 557 149 ·
638 184 642 191 ,
792 104 1211 201 amasses

633 235 838 399 runis
884 288 1002 364 1111.
1050 286 1229 366 nure
1276 285 1368 364 xc.

282 495 332 516 -
382 495 431 512 -
480 495 529 512 --
579 454 659 531 Post
685 454 743 531 Vl.
784 452 880 549 figno
912 449 1175 550 aliquantulum
1207 451 1342 548 pulsato
1374 473 1463 527 mox
1490 452 1681 551 iratresse
1710 456 1819 550 disrq

180 584 270 653 siant
302 575 435 654 &loti
474 574 641 653 manibus
672 573 824 650 veniunt
862 570 900 648 in
940 571 1144 654 ecclesiam,
1199 570 1417 671 pulsatisque
1455 572 1597 647 duobus
1628 571 1737 669 fignis
1780 576 1820 653 dt

188 699 281 776 faita
310 695 477 772 orucioue
500 693 691 792 inponitur
723 696 850 768 Exaudi
881 717 935 767 nor
972 695 1088 766 domine
1140 734 1188 748 —
1239 715 1323 767 cum
1345 688 1431 789 psal.
1456 694 1740 790 deglutiamus,
1781 692 1820 770 dc

191 814 404 914 Antiphone
429 814 583 912 repetita
607 813 785 910 subjungit
812 813 975 889 sacerdos
1012 810 1053 887 u.
1081 814 1192 912 ostende
1213 815 1298 887 nobis
1318 815 1435 891 ronne
1455 811 1689 908 inisericordiam
1712 824 1818 903 tuom,
1841 812 1848 825 “

191 933 462 1035 procumbimus
489 933 589 1030 super
615 932 751 1010 formas
777 956 861 1008 cum
894 933 989 1028 Kpsr
1017 934 1120 1028 eleison
1161 973 1211 988 --
1254 973 1304 988 -
1351 930 1495 1007 Deinde
1523 930 1682 1007 domnus
1711 931 1820 1009 Abba

184 1046 267 1152 stolo
293 1065 439 1129 tantum
467 1053 619 1131 amitius
643 1061 756 1128 cinnes
789 1053 841 1127 ita
869 1051 1062 1138 benedicit,
1114 1092 1162 1107 -
1211 1093 1261 1109 -
1310 1093 1359 1109 -
1408 1050 1508 1135 Quos
1533 1053 1717 1149 postquam
1740 1076 1820 1150 aquo

81 1212 88 1221 ··
192 1177 340 1249 bmrdlda
364 1173 492 1270 aspersos
516 1171 644 1268 incipit
659 1171 821 1265 fratribus
846 1179 983 1268 inponere
1008 1171 1133 1247 dicens
1146 1173 1208 1268 sul
1223 1169 1364 1263 finnio:
1405 1192 1593 1245 mansuro
1625 1174 1742 1264 quoti
1764 1194 1822 1265 cr·

191 1316 248 1368 urs
269 1316 306 1368 rs
330 1314 378 1365 ur
400 1314 440 1365 m
461 1312 623 1364 crusnam
651 1312 807 1385 qvoqve
828 1311 1066 1368 reversatus.
1116 1290 1255 1365 Cantor
1274 1314 1418 1390 quoque
1439 1291 1567 1388 incipit
1586 1289 1739 1389 Antipln
1766 1296 1818 1367 ln-

47 1502 49 1508 ,
170 1424 353 1490 nonme.
405 1411 548 1486 Fratres
563 1420 686 1485 autem
707 1434 826 1508 neque
848 1413 1065 1485 accedentes
1086 1419 1207 1487 ueraun
1228 1422 1339 1508 petunt
1360 1410 1415 1506 i),
1445 1433 1565 1507 neque
1579 1422 1816 1488 reuertentes.

191 1532 382 1631 Postquam
406 1526 563 1606 domnus
595 1529 701 1605 Abba
727 1533 894 1608 omnibus
918 1534 1058 1607 cineres
1086 1529 1309 1626 imposuerit,
1345 1532 1440 1606 Prior
1461 1530 1585 1606 stolam
1617 1534 1662 1608 ab
1688 1555 1735 1607 eo
1756 1555 1815 1607 ae·

191 1667 334 1750 ceptam
360 1651 517 1727 induens
550 1653 642 1725 eidem
671 1650 980 1750 cinererimponit
1050 1648 1284 1748 Subsequitur
1314 1649 1467 1747 Antipb.
1492 1647 1601 1750 Juxta
1628 1656 1815 1755 vestibuloa.

191 1766 527 1871 Ad'procellionem
551 1789 594 1865 q.
622 1769 769 1865 Paradrfi
782 1782 900 1869 por-tn.
934 1814 983 1830 —
1014 1813 1064 1828 —
1096 1769 1159 1847 Ad
1183 1770 1220 1847 S.
1247 1771 1420 1860 Mariam,
1446 1771 1535 1848 Ant.
1558 1772 1671 1847 Surda
1702 1771 1816 1849 Mon

180 1894 349 1993 succurre,
384 1934 433 1948 --
475 1933 525 1948 -
552 1895 776 1990 presumimus
810 1896 858 1971 ad
895 1896 1122 1979 oracionem,
1165 1893 1385 1970 &domnus
1418 1884 1555 1967 lbbbasx
1576 1890 1704 1987 incipit
1734 1893 1820 1991 pul·

106 2068 143 2089 .,
193 2014 307 2090 Laudo
326 2021 429 2101 eninr
457 2035 530 2107 nea.
550 2052 598 2067 -
620 2032 685 2107 pro
712 2011 786 2086 hiis
814 2013 876 2111 qui
906 2022 940 2092 in
966 2021 1112 2092 cimiteria
1137 2013 1350 2111 srnlsepulti
1389 2054 1438 2069 -
1477 2055 1527 2127 -ς
1572 2011 1748 2111 Sequitur
1776 2023 1819 2090 lr-

191 2141 278 2211 tonio
307 2136 351 2210 ab
374 2129 447 2208 hiis
476 2128 606 2227 quibus
637 2139 791 2208 annarias
812 2130 885 2210 boc
899 2133 1113 2233 injunxerit
1165 2135 1262 2210 Nam
1288 2133 1358 2232 ipse
1385 2133 1425 2208 in
1449 2130 1562 2207 choro
1586 2131 1718 2217 librum
1755 2135 1820 2213 vni

192 2275 315 2329 eorum
344 2253 522 2347 porrexit:
565 2248 667 2324 alteri
690 2274 775 2329 vero
797 2263 837 2330 rt
860 2253 947 2329 huic
975 2253 1155 2329 succurrat
1177 2254 1232 2327 ‘ad
1264 2252 1407 2347 presens
1444 2251 1574 2328 innuit
1634 2254 1705 2339 Qui
1730 2266 1820 2332 trroc

191 2378 231 2449 od
250 2377 381 2468 gradum
408 2369 598 2445 venientes
622 2370 780 2467 primum
805 2371 999 2457 inclinant,
1037 2372 1171 2447 deinde
1203 2369 1375 2448 letaniam
1401 2371 1590 2469 inponunt
1655 2374 1710 2451 lbi
1738 2378 1822 2453 abs·

194 2516 268 2592 que
294 2489 589 2566 circumflexione
614 2504 751 2566 exeunt
784 2489 935 2568 ministri
958 2490 1102 2579 altaris,
1124 2503 1165 2567 vt
1184 2494 1286 2568 induti
1310 2499 1516 2570 comeaeris
1540 2493 1690 2572 vestiant
1711 2495 1747 2575 se
1771 2496 1821 2572 ad

25 2676 31 2695 ,
192 2610 352 2695 missam,
378 2608 482 2684 finita
500 2607 635 2684 letania
656 2612 881 2699 obedr'enrr'orn',
907 2609 970 2710 qui
992 2611 1091 2687 mitre
1117 2609 1281 2688 interesse
1301 2636 1374 2688 non
1390 2612 1549 2710 poliunt,
1579 2612 1736 2692 licencia
1760 2638 1820 2693 ac·

192 2745 297 2829 cepta
322 2730 519 2807 discedunt.
556 2772 603 2833 -5
634 2771 683 2786 -
719 2731 812 2806 lnsra
839 2733 913 2806 XL.
934 2732 1084 2807 cottidie
1111 2754 1239 2805 omnes
1265 2732 1380 2807 rersus
1406 2733 1576 2808 oslertorii
1608 2747 1820 2825 cantantur,

191 2853 326 2950 absque
353 2849 412 2923 his
444 2850 507 2948 qui
534 2847 571 2923 in
597 2848 669 2924 alio
693 2849 780 2926 anni
810 2862 973 2948 tempore
1005 2849 1146 2948 potsunt
1171 2849 1327 2937 cantari,
1353 2850 1548 2929 Praefatio.
1575 2896 1624 2911 —
1658 2854 1727 2959 Qui
1751 2880 1820 2933 ror·

186 2978 288 3072 porois
307 2972 424 3066 jejunio
450 3010 497 3024 -
524 2967 586 3044 hic
613 2968 797 3071 incipitur,
824 2969 1036 3048 &cottidie
1060 2992 1175 3069 usque
1208 2969 1248 3044 in
1277 2970 1498 3048 dominicam
1522 2979 1697 3070 polnonon
1730 2974 1819 3055 dici·

74 3094 77 3103 '
192 3102 263 3167 tur.
314 3089 354 3164 ln
378 3087 451 3162 line
481 3088 580 3164 misse
605 3090 699 3167 diuo
722 3093 928 3166 benedicamus
952 3093 1087 3175 dnntrn,
1113 3090 1151 3167 dr
1171 3091 1224 3162 deo
1246 3097 1387 3183 gratius,
1409 3091 1456 3166 ad
1483 3116 1618 3169 nonam
1641 3094 1816 3190 pulsatur,

193 3211 230 3289 dr
260 3207 380 3284 oracio
411 3209 459 3282 ad
482 3208 638 3284 eandem
663 3208 787 3283 horam
817 3209 1000 3305 pertinens
1030 3207 1157 3302 agitur.
1218 3208 1300 3283 Pon
1322 3200 1504 3285 mutinen
1520 3216 1632 3309 pedum
1662 3215 1817 3291 alterurn

193 3330 331 3426 signum
356 3327 530 3423 pulsatur,
556 3330 594 3405 dr
623 3352 720 3403 nona
747 3330 896 3405 canitur.
947 3326 1012 3401 ille
1035 3331 1194 3400 serenioris
1215 3332 1286 3401 ndo
1304 3328 1489 3426 proreffiom's
1519 3334 1556 3409 tlt
1578 3332 1648 3407 alio
1675 3347 1819 3432 tempo·

192 3473 249 3533 re,
295 3448 347 3522 ita
378 3458 419 3522 vt
445 3446 582 3523 ditium
609 3447 678 3533 eli,
702 3449 837 3543 agitur,
869 3459 1023 3543 excepto
1044 3446 1142 3544 quod
1169 3447 1261 3522 insta
1290 3446 1364 3522 XL.
1397 3452 1440 3524 od
1475 3452 1705 3548 discalciandum
1744 3455 1821 3553 post

192 3592 328 3645 nonam
360 3566 495 3651 exitur,
530 3588 689 3662 moxque
713 3567 789 3664 post
813 3568 962 3643 fratrum
991 3563 1230 3641 reuersronem
1253 3566 1406 3662 pulsatio
1435 3564 1613 3665 signorum
1642 3573 1819 3674 sequitur,

195 3692 231 3768 dt
253 3688 298 3762 sic
318 3688 450 3784 absque
467 3684 635 3761 oracione
657 3687 745 3764 Ant.
770 3688 900 3786 Exurge
915 3687 1123 3784 imponitur.
1173 3727 1222 3743 -
1271 3727 1321 3744 -

536 3886 630 4010 riu
701 3926 1469 4038 stonnoasrnn.

287 4179 336 4197 -
385 4178 434 4194 -
484 4134 674 4235 Quicumque
699 4135 857 4227 ,feliiuitos
880 4137 955 4214 Xll.
992 4138 1086 4214 Lesi.
1119 4135 1155 4212 in
1187 4134 1240 4213 lor
1264 4140 1397 4213 Subicio
1423 4152 1508 4215 ante
1534 4140 1610 4221 XL.
1638 4152 1818 4241 euenerit,

161 4258 293 4335 ,iliius
321 4256 463 4353 vespere
492 4255 645 4352 psalmos
681 4266 823 4331 tantum
854 4258 972 4334 eciam
1010 4259 1086 4359 poll
1128 4263 1334 4337 undennis
1373 4258 1511 4356 recipit
1567 4304 1618 4322 -
1667 4307 1718 4326 -
1767 4315 1819 4331 .-

179 4378 340 4455 ···letnm
364 4389 403 4452 vt
428 4374 541 4452 moris
563 4374 613 4450 est
641 4387 778 4450 corrues
799 4379 881 4465 ills.
908 4382 948 4455 ad
968 4386 1089 4478 pulpita
1113 4380 1172 4456 dul
1193 4378 1341 4458 Vlclffiffl
1360 4379 1567 4476 precinunt,
1602 4385 1642 4461 ld
1667 4389 1720 4463 ⁶st
1742 4392 1817 4467 ‘¹¹¹⁰

1677 4511 1818 4588 medie·

233 4588 269 4697 ἦ)
292 4612 331 4682 ld
349 4616 404 4705 eJl:
432 4635 512 4701 genu
533 4634 591 4681 non
611 4624 747 4723 curemus.
