3736 5160
129 220 206 313 aa
735 168 1159 305 amoo-
1305 218 1309 233 ·

133 395 263 494 quibus
294 389 609 469 Reuerendiffimis
639 364 722 465 bl).
753 386 929 464 Praelatio
965 388 1178 467 defiderium
1216 388 1290 464 hoc
1324 388 1448 477 suurn,
1507 390 1555 466 ad
1593 392 1723 471 median

132 514 291 611 aperuit,
333 510 499 609 protulit,
538 510 658 607 iisque
680 508 825 585 traditis
857 512 984 585 Patres
1020 534 1054 595 a,
1076 509 1112 585 se
1140 507 1393 604 gratiofiffimis
1406 532 1411 541 ’
1424 510 1545 587 verbis
1580 515 1617 591 br
1642 512 1723 589 Polli·

133 632 367 709 citationibus
396 629 457 706 die
488 652 542 729 ¹7·
569 627 794 726 Septembris
817 626 982 716 dirailfit,
1024 629 1088 728 qui
1115 630 1283 727 proximo
1309 630 1370 707 die
1394 629 1529 709 iterum
1557 629 1596 706 ia
1627 632 1726 711 Vincis

135 754 364 828 aduenerant
387 770 459 836 mj.

228 926 396 1007 Nuocius
425 952 473 1003 ex
507 923 678 1025 relponiis
712 906 861 1003 Patnrrn
890 924 1149 1025 praesentiens,
1189 923 1223 1002 le
1248 923 1318 1003 luis
1343 922 1512 1005 Consiliis
1540 940 1606 1003 aut
1628 948 1730 1027 perun

45 1098 48 1103 -
133 1040 196 1129 aut
224 1048 315 1125 nihil
344 1048 440 1147 apud
470 1048 632 1125 Abbatee
657 1044 886 1133 effetiurum,
928 1044 1102 1145 simulque
1128 1045 1283 1135 timens,
1323 1070 1371 1123 ne
1398 1046 1505 1130 liber,
1551 1045 1654 1143 cujus
1677 1046 1732 1125 su

133 1162 342 1271 preffionena
367 1182 442 1243 tarn
469 1166 578 1242 anxie
604 1168 768 1266 optabat,
801 1166 1038 1265 priusquam
1065 1188 1129 1263 pro
1144 1164 1384 1265 carpenone
1414 1166 1474 1239 lua
1509 1164 1639 1262 publici
1664 1164 1734 1261 juris

132 1272 255 1385 lieret,
278 1272 419 1365 litteris‘
432 1288 480 1363 ad
499 1286 681 1365 Abbatem
708 1272 935 1363 Franciscurn
965 1284 1062 1360 datis
1093 1286 1213 1361 seuere
1244 1282 1435 1387 prohibet,
1472 1298 1609 1361 aeaut
1637 1284 1734 1383 Tppo

133 1409 319 1523 graphium
345 1408 475 1505 erigat,
500 1419 564 1482 aut
587 1406 625 1483 in
647 1406 764 1484 eretis
785 1406 919 1503 absque
943 1405 1094 1481 obtenta
1115 1404 1287 1481 facultate
1310 1402 1456 1479 Librum
1489 1402 1613 1507 praelo
1634 1402 1735 1501 subjici

133 1530 309 1607 concedat
332 1534 384 1625 n).
429 1524 491 1603 Ad
519 1526 588 1601 has
609 1524 791 1623 respondit
815 1524 967 1603 Abba:
1005 1522 1238 1627 illustrifflmae
1267 1522 1475 1627 Celfitudinis
1501 1526 1623 1627 vedrae
1647 1520 1737 1601 itae

130 1640 190 1727 'ras
215 1646 326 1725 debita
351 1675 421 1724 cnm
446 1644 642 1723 Reuerentia
664 1646 793 1745 accepi,
817 1642 932 1741 quibus
959 1644 1112 1731 mundat,
1142 1670 1183 1719 ne
1204 1646 1290 1719 citro
1306 1642 1484 1743 specialem
1512 1640 1556 1722 U
1576 1640 1736 1747 expeeffars

129 1796 154 1871 o
183 1770 377 1873 Celfitndine
391 1765 476 1865 stra,
508 1766 561 1840 nel
581 1763 851 1867 Reuereudifflmo
877 1760 1044 1865 Episcopo
1075 1760 1307 1865 Constantienst
1334 1766 1370 1839 in
1387 1760 1528 1865 scriptis
1556 1760 1683 1841 obtenta
1703 1764 1737 1839 li·

131 1893 238 1968 eentia
272 1885 561 1989 Tppograpiiom,
594 1890 702 1985 ejstsrre
736 1882 828 1985 ossam
854 1888 889 1961 in
920 1910 989 1959 meo
1019 1882 1247 1985 Moncslerio,
1272 1884 1343 1985 stne
1370 1886 1405 1957 in
1435 1884 1644 1983 pertinentiis
1666 1890 1735 1987 ejus,

92 2068 96 2075 -
129 2012 217 2111 erigi
235 2011 288 2086 vel
308 2008 441 2085 admitti
469 2002 654 2080 ullomodo
676 2006 877 2105 permittam.
929 2002 1008 2105 Etst
1026 2000 1089 2077 lrae
1117 2003 1289 2079 monitione
1311 2028 1391 2103 optes
1415 2029 1480 2079 aon
1495 2002 1637 2107 suilletc
1666 2004 1735 2081 rili·

130 2130 270 2207 lominus
294 2142 400 2204 tamen
426 2124 511 2200 larse
533 2120 710 2199 lnsrdllime
732 2108 919 2235 caesinas,
940 2120 981 2199 ὅ
1004 2124 1054 2197 ito
1075 2123 1219 2223 accipio,
1249 2134 1287 2197 vt
1304 2121 1385 2197 milri
1408 2148 1537 2221 nseoqtse
1555 2124 1734 2229 Monafleris

74 2302 80 2319 .
125 2252 299 2351 propriam
323 2240 593 2347 Tppogroplriam
622 2268 686 2319 non
704 2240 814 2343 serr‘o,
856 2270 897 2319 ne
920 2254 1077 2343 perpetuo
1109 2238 1313 2319 interdillam
1338 2255 1468 2341 pateam
1499 2267 1583 2341 qnae
1611 2264 1733 2341 neptes

131 2368 279 2449 Corrcilio
328 2366 544 2451 Tridentino,
567 2386 729 2460 ‚nemaeo
761 2356 948 2471 Curionibus
972 2360 1184 2465 Monastesiis
1213 2362 1355 2435 nimime
1386 2360 1478 2449 illis,
1510 2362 1569 2439 vbi
1596 2362 1733 2465 Religiai

130 2488 215 2589 datii
240 2485 282 2563 ii
306 2482 464 2583 Theologi
489 2482 640 2569 alantur,
678 2480 844 2579 prohibita
874 2484 1060 2583 reperiturs
1100 2484 1197 2555 immo
1224 2507 1289 2580 pro
1324 2480 1473 2579 Ingeniis
1503 2478 1733 2561 excolendis&

130 2608 336 2697 exercendis,
361 2608 487 2703 otioque
507 2600 629 2701 lronefle
658 2598 699 2677 Θ
713 2602 901 2701 frugaliter
925 2600 1056 2677 terendo
1076 2596 1250 2699 Religiosts
1273 2624 1369 2697 mmm
1395 2604 1540 2679 maxime
1567 2602 1733 2707 neceffario,

127 2726 305 2807 laudabilis
338 2722 380 2803 tr
401 2720 573 2825 persatilis,
622 2716 666 2795 al
697 2718 953 2821 Inperatorilus
971 2744 1091 2818 quaque
1112 2722 1213 2821 ficati
1241 2720 1451 2809 Academiis,
1491 2727 1542 2799 ita
1580 2722 1733 2823 sanserit

128 2850 338 2952 Mortasteriis
354 2840 640 2949 publico-sancito
651 2840 805 2943 psrrniffo-
824 2844 866 2939 esl
883 2854 942 2917 etc.
963 2847 1018 2937 o).
1069 2836 1208 2917 Interim
1232 2851 1339 2915 tornea
1361 2844 1574 2939 quonsnrdorn
1594 2844 1733 2943 alimen,

129 2954 271 3051 niaxime
292 2964 534 3067 Religiosorum
558 2960 720 3061 proditas
737 2960 826 3059 sertis
851 2954 970 3037 mirari
989 2987 1053 3035 non
1075 2956 1217 3061 postona,
1247 2964 1304 3057 pai
1324 2987 1430 3037 orrsnes
1453 2964 1568 3041 modos
1587 2963 1630 3043 θ’
1649 2966 1733 3041 ratis·

128 3119 184 3171 nes
206 3090 287 3167 adso
305 3084 435 3187 fielieite
467 3084 672 3181 excogitent,
705 3080 756 3156 nil
783 3081 975 3154 intentatum
1004 3079 1206 3179 relinquant,
1242 3104 1304 3177 qno
1334 3078 1559 3179 Antiqnommr
1592 3082 1733 3161 &diram

127 3210 309 3313 geom'ffime
334 3208 569 3305 insurrecturum
596 3196 638 3277 ii
658 3199 816 3299 loefiarna
834 3200 954 3297 justam
966 3196 1024 3296 sui
1046 3198 1274 3301 Desenfionem
1298 3225 1321 3274 o
1339 3200 1379 3301 se
1403 3204 1627 3293 amoliuntur,
1649 3204 1733 3306 filer-

128 3335 267 3430 tr'ssanue
283 3324 461 3429 praedidis
481 3322 624 3419 antiquis
650 3316 819 3397 ordinibus
843 3319 1013 3417 inponant
1037 3332 1096 3405 etc.
1128 3326 1178 3417 p).

177 3528 180 3535 ·
222 3506 362 3585 Similis
380 3500 584 3599 argumenti
604 3496 796 3599 Epistulam
815 3498 900 3593 jam·
928 3522 984 3597 14.
1005 3496 1103 3597 Jnnii
1124 3500 1300 3575 canentis
1327 3499 1414 3576 anni
1442 3500 1655 3581 Franciscns
1677 3526 1731 3579 oo·

125 3630 196 3709 lter
216 3652 238 3705 a
259 3624 450 3703 Celfiffirno
471 3620 509 3697 br
529 3616 834 3695 Reuerendiliimo
851 3617 1027 3715 Episcopo
1043 3620 1184 3719 Joanne
1200 3631 1404 3719 acceperat,
1426 3623 1473 3698 ad
1498 3646 1594 3721 quas
1611 3622 1732 3719 relpoo·

123 3752 204 3830 dit:
232 3748 344 3833 „Quo
364 3744 488 3821 minus
503 3739 561 3817 vel
590 3738 681 3836 ipse,
700 3734 767 3812 uel
780 3739 920 3813 suorum
942 3738 1073 3838 aliquis
1095 3741 1142 3813 de
1161 3740 1352 3815 refutanda
1375 3740 1414 3815 P.
1431 3742 1638 3841 Laymanni
1653 3744 1728 3817 libro

124 3869 347 3965 „inscriptn;
371 3861 476 3969 QJalla
500 3859 640 3961 desenfio
667 3856 861 3959 Sanilifflmi
885 3854 1029 3933 Romani
1054 3856 1227 3959 stnoficis
1248 3872 1307 3935 ere.
1334 3859 1530 3955 cogitaret,
1566 3886 1613 3939 eo
1632 3860 1730 3957 magis

124 3988 284 4079 „sentire
308 3988 363 4072 se,
397 3980 643 4058 insuebant
672 3978 742 4052 eae
769 3974 968 4075 potestate,
1004 3976 1041 4053 id
1070 3978 1151 4053 aliis
1183 4000 1329 4077 quoque
1354 3978 1625 4061 interdicendi:
1655 3976 1730 4062 &li

125 4110 228 4201 „lars
247 4102 476 4183 illustriffirna
502 4096 687 4175 Ceisrtudo
706 4094 784 4179 lua,
821 4094 1006 4194 tale·quid
1029 4098 1078 4173 de
1105 4096 1150 4175 D.
1175 4098 1347 4197 Scioppio
1367 4124 1414 4175 ex
1441 4100 1662 4201 suggestione
1677 4102 1730 4177 Pa

124 4244 249 4319 „trum
281 4221 477 4300 Societatis
503 4218 752 4315 suspicaretur,
778 4214 817 4293 id
845 4218 880 4292 le
903 4236 972 4291 nec
993 4217 1205 4315 adflnnare,
1228 4242 1298 4295 aec
1320 4240 1452 4319 negare
1474 4224 1595 4321 polias
1624 4236 1731 4323 nepotc

120 4352 231 4449 „qni‚
261 4364 372 4444 quum
401 4340 439 4415 in
461 4341 522 4416 suo
539 4336 756 4415 Monastcrio
778 4335 920 4437 hospitii
938 4336 1020 4433 Jure
1038 4338 1084 4413 ud
1102 4336 1297 4416 Caesareae
1311 4340 1513 4437 Maiestatis
1531 4346 1729 4443 petitionem

121 4471 350 4560 ,frueretun
376 4464 438 4538 suo
460 4458 551 4534 baut
573 4457 628 4533 ita
654 4458 851 4553 subjaceret
871 4454 1042 4553 imperio,
1068 4468 1109 4535 vt
1130 4454 1238 4556 ipiius
1257 4460 1473 4561 aut·lcripta
1499 4464 1657 4551 locanti,
1680 4472 1730 4535 aut

1284 4598 1295 4615 .
1684 4600 1729 4669 ,m

160 4708 210 4793 n>
235 4706 316 4771 n...
337 4720 392 4787 oa
409 4698 466 4786 n.
487 4718 540 4785 ψ,
623 4699 663 4780 o
684 4695 835 4783 aaa.
856 4698 912 4782 n.
987 4696 1027 4778 ο)
1046 4694 1124 4765 raa
1138 4694 1197 4783 ra
1217 4699 1271 4785 ⁶9·
1350 4709 1389 4789 n
1412 4701 1566 4791 anm
1580 4639 1682 4793 'a'
