3736 5160
646 190 1068 298 *wo*
1134 266 1137 271 ·
1208 244 1213 263 =
1536 232 1566 253 ⁴«
1591 202 1668 293 ‘fta

65 384 147 463 aione
163 368 278 460 solita.
330 380 385 459 sit
398 379 503 483 soma
526 384 567 458 od
587 388 741 481 populator.
794 382 999 459 Precedunt
1024 378 1133 478 aiiqui
1161 385 1341 456 cantoreo
1355 377 1417 478 qui
1445 383 1549 479 appu
1566 382 1669 456 inimi

10 542 22 655 p
64 518 264 583 onmnnnn
293 501 480 603 suscipiant
506 525 592 580 cum
618 502 721 583 versu
745 503 853 578 Gloria
876 545 925 560 -
957 502 1040 580 Post
1066 503 1252 579 modicum
1279 523 1365 578 cum
1386 500 1477 578 Ant.
1506 497 1594 576 Ante
1607 506 1669 602 ser

62 628 108 700 aiu
127 666 184 697 .-
217 623 339 699 exitur
366 623 414 699 de
444 622 613 700 oratorio.
688 624 872 699 Secuntur
905 621 1121 720 responsoria
1161 643 1273 719 osque
1310 622 1359 699 ad
1387 622 1534 722 stadariis
1558 629 1668 701 arura.
1825 721 1827 725 Α

61 743 193 821 uenias
217 756 342 819 autem
370 736 508 818 rodmar
528 751 580 839 qui
610 744 872 836 mammosam
906 741 1059 839 mcursari
1087 751 1208 837 occepta
1233 764 1339 826 nuce,
1378 751 1487 837 prout
1522 751 1671 840 ternpus,

10 838 13 921 Ϊ
44 862 198 941 ¹viderint
224 862 409 960 progredi.
436 873 578 939 tantam
603 862 711 960 spacii
737 860 970 938 latitudinem
1005 862 1044 938 in
1073 861 1196 936 medio
1210 859 1280 953 ‚sobi
1308 860 1469 939 inuicem
1495 883 1668 939 occuren-

58 982 137 1058 o'um
159 982 396 1083 prouideant,
437 994 478 1059 vt
502 985 541 1062 dc
561 984 599 1058 in
636 981 723 1057 serie
752 981 1025 1069 versiculorum,
1066 983 1157 1058 dum
1191 982 1363 1058 aiterutra
1391 1002 1476 1079 para
1518 961 1668 1060 viciffin
1729 1050 1732 1055 .

57 1112 181 1190 cantat,
206 1102 323 1179 altera
352 1101 511 1201 spacium
540 1104 760 1201 procedendi
792 1103 944 1179 habeat:
986 1103 1024 1181 dc
1061 1110 1187 1179 tamen
1216 1101 1293 1201 post
1316 1100 1427 1178 inem
1454 1101 1670 1182 eorumdem

56 1220 296 1301 versiculorum
330 1222 476 1320 aliquod
499 1222 732 1303 interuallum
759 1234 957 1299 remaneat.
1031 1221 1131 1299 Nam
1156 1222 1346 1320 postquam
1374 1222 1414 1297 in
1439 1220 1567 1301 ultima
1590 1221 1670 1302 vice

55 1350 137 1439 gioria
158 1350 233 1417 saror
265 1365 289 1418 a
313 1340 519 1418 cantoribus
559 1345 820 1442 repetitum&
850 1367 873 1419 a
902 1353 1087 1419 conuentu
1114 1339 1152 1416 in
1184 1366 1230 1417 eo
1256 1342 1366 1420 verbo
1399 1344 1444 1430 δ’
1471 1338 1566 1418 tono
1604 1366 1669 1420 ex·

58 1475 185 1561 aptum
218 1462 268 1538 ad
294 1461 411 1538 -fioenr
434 1462 657 1559 perducitur,
680 1465 779 1542 idern
806 1475 972 1561 cantores
995 1460 1235 1558 antiphonam
1260 1464 1459 1559 argentino
1479 1469 1593 1560 proras
1616 1505 1670 1526 -
1755 1536 1758 1545 ,

60 1581 259 1659 ouoanteo
282 1602 346 1679 per
373 1582 408 1656 se
428 1605 475 1658 ex
498 1593 578 1658 toto
602 1583 754 1672 finiunt,
787 1586 847 1662 sed
880 1583 979 1679 prius
1008 1581 1057 1657 ad
1086 1579 1159 1657 hoc
1193 1583 1333 1680 prouisa
1373 1582 1489 1681 tapeti
1520 1582 1562 1660 in
1599 1585 1670 1683 pri·
1790 1586 1803 1661 .’

62 1703 180 1781 audio
204 1700 423 1801 Antiphone
447 1714 533 1779 ante
559 1705 669 1802 pedes
691 1727 819 1781 eorum
844 1701 999 1802 expanso
1022 1700 1061 1776 in
1088 1702 1199 1780 veibo
1220 1704 1441 1801 prrrsimmar
1466 1742 1515 1762 ·-
1537 1700 1587 1781 ad
1607 1725 1671 1800 ge·

55 1808 109 1903 ma
130 1822 288 1903 veniam
311 1832 459 1920 petunt,
483 1826 581 1922 quod
605 1829 642 1905 dr
669 1826 786 1903 curasti
815 1823 850 1900 se
873 1822 1094 1899 comitantes
1112 1822 1272 1908 faciunt.
1306 1846 1463 1920 moxque
1486 1823 1671 1919 resurgen-

56 1952 96 2021 ἴα
122 1964 211 2021 eam
248 1942 433 2031 cautando
460 1942 618 2039 obuiam
645 1934 874 2045 procedunt,¹
905 1946 944 2021 dr
975 1943 1028 2019 ita
1055 1942 1093 2017 in
1129 1941 1242 2019 finem
1279 1943 1479 2040 antiphone
1502 1944 1672 2041 ejusdem
1783 1933 1791 1951 “

55 2062 251 2165 proceiiioni
278 2061 318 2137 in
349 2061 488 2151 fronte,
510 2064 550 2141 id
577 2064 628 2142 eii
650 2065 727 2164 post
749 2071 892 2162 respuor
905 2066 1085 2162 saraam
1106 2060 1286 2159 jungunt,
1304 2065 1576 2163 consequenter
1600 2066 1671 2142 im·
1702 2124 1704 2128 -

56 2184 156 2283 ponit
177 2193 328 2283 perator
354 2183 443 2260 rint.
479 2185 658 2260 ornarem
680 2189 779 2262 turba
854 2184 962 2272 Quod
996 2181 1021 2259 st
1051 2195 1134 2260 terra
1151 2182 1325 2282 sordiditos
1352 2187 1581 2282 postomium
1610 2210 1673 2263 mn

58 2313 191 2403 peno,
210 2326 276 2379 nec
286 2302 482 2400 iitigantibus
506 2304 658 2381 canitur.
706 2349 758 2365 —
806 2345 856 2365 -
904 2339 968 2363 -·
1010 2304 1178 2382 Tratium
1202 2303 1429 2380 soiito‘more
1456 2315 1672 2403 percantant
1817 2310 1826 2321 ”

59 2422 118 2505 iiii·
137 2436 317 2515 cantores.
368 2425 468 2513 Ante
490 2424 638 2503 titulum
660 2429 823 2525 paffionis
842 2427 976 2504 dicitur
994 2424 1149 2501 Domirm
1173 2427 1345 2520 conserat,
1370 2427 1470 2524 quod
1495 2429 1534 2504 dt
1555 2425 1592 2502 in
1608 2448 1678 2503 ce·¹

55 2544 131 2623 reno
156 2544 424 2621 obseruandum
447 2545 517 2630 est,
543 2543 609 2621 nifi
635 2558 781 2625 tantum
805 2557 840 2623 io
861 2549 1030 2645 porrffooao
1094 2546 1150 2623 Ita
1175 2544 1281 2625 eninr
1300 2544 1470 2647 scriptum
1492 2546 1543 2626 est
1565 2554 1602 2626 io
1620 2556 1674 2623 ot·

10 2682 16 2805 i
54 2666 109 2745 to
122 2663 309 2766 paticus.
362 2667 469 2743 Gloria
492 2668 549 2741 rior·
570 2669 687 2788 donna
710 2691 786 2746 non
810 2664 1075 2765 subjungimus..

140 2905 206 2985 Ad
227 2902 388 3005 pofflonom
406 2905 449 2989 ‚oc
468 2890 653 3004 qimandam
683 2931 756 3008 qua
777 2908 910 3005 frondi
926 2908 981 3006 sea
1008 2914 1092 2984 raoni
1107 2912 1283 3019 pumaopm
1304 2912 1426 2987 diacon
1447 2902 1674 3004 inchoamus
1777 2936 1789 2947 “

56 3023 209 3120 [maa.
237 3048 368 3103 omnes
400 3027 536 3103 debent
564 3029 701 3118 adesse,
723 3029 1006 3127 necquicquam
1032 3027 1139 3105 vilius
1167 3028 1381 3105 obediencie
1401 3028 1587 3105 occasione
1611 3027 1675 3104 de·

23 3236 26 3241 ,
62 3146 139 3245 eise.¹
178 3148 329 3222 Doooms
351 3142 462 3223 Aaou
487 3145 544 3223 vei
578 3149 729 3247 quilibet
757 3146 896 3225 missam
924 3159 1078 3225 cantans
1104 3147 1261 3246 primurn
1294 3147 1393 3224 suam
1425 3149 1560 3225 deinde
1587 3147 1674 3223 alio-

10 3308 25 3367 ὶ-
54 3286 130 3345 tum
158 3266 301 3365 palmas
314 3262 377 3371 frti
391 3283 452 3363 ptr
479 3267 608 3363 escotum
636 3275 886 3346 mouebatur
914 3268 1046 3345 eodem
1089 3266 1215 3343 ordine
1243 3275 1297 3364 qur·
1326 3275 1360 3343 in
1384 3267 1601 3366 propiciacione
1637 3270 1673 3344 S.

23 3374 26 3381 ’
67 3386 161 3463 istrie
195 3394 231 3463 r'o
259 3382 411 3484 qfferordo
433 3388 575 3461 candesco
601 3389 786 3487 oesonptos
808 3392 869 3482 esi,
883 3391 1014 3488 sacriste
1035 3392 1075 3460 od
1096 3391 1229 3484 graden
1256 3390 1367 3463 reddit.
1416 3389 1499 3468 Post
1518 3389 1675 3466 oblacio-
1748 3436 1752 3441 -

65 3524 138 3585 tem
160 3505 363 3605 palmarum
396 3503 560 3582 sacerdos
589 3506 675 3583 iotis
706 3508 875 3587 manibus
901 3515 1023 3585 colicon
1050 3505 1195 3607 accipit,
1243 3508 1403 3606 prefacio
1437 3511 1473 3584 do
1506 3532 1595 3607 nuce
1618 3524 1676 3606 prr

23 3670 26 3675 -
66 3618 260 3725 braim
281 3628 347 3701 dio
371 3625 516 3701 dicitur.
564 3627 627 3704 Ad
646 3629 756 3705 horas
782 3632 819 3703 dt
832 3627 959 3728 poffroa
982 3630 1097 3703 domim
1122 3627 1312 3715 oraciones
1338 3628 1548 3707 recitantur.
1600 3630 1675 3717 Post
1719 3676 1723 3695 ·

63 3750 213 3853 ΜΝ
226 3747 276 3821 ad
305 3746 392 3821 astos
421 3751 504 3819 imas
522 3749 701 3842 parfirrmn,
734 3747 885 3827 ministri
914 3747 1037 3823 mense
1063 3769 1149 3824 cum
1170 3747 1258 3827 Psal.
1284 3749 1331 3825 ad
1354 3752 1392 3827 S.
1419 3751 1534 3827 Mario
1552 3761 1675 3826 orato·
1826 3762 1830 3771 “

67 3864 158 3943 rium
218 3858 282 3941 Ad
309 3865 434 3940 sonum
449 3866 532 3961 scissa
556 3867 686 3944 fratres
715 3867 866 3945 excitati
897 3888 1029 3943 manua
1058 3866 1183 3943 lauant
1218 3869 1257 3946 dt
1278 3878 1380 3967 capito
1404 3873 1578 3967 peitatem
1613 3868 1677 3944 soc·

69 4008 128 4084 que
161 3985 201 4061 in
234 3984 385 4061 chorum
420 3984 609 4061 venientes
645 3988 789 4067 iesiioni
820 3998 953 4064 vacant
976 4008 1163 4087 quousque
1192 3986 1331 4085 sgnum
1361 3991 1408 4065 ad
1438 4012 1574 4065 nonam
1612 4012 1678 4063 au·

71 4104 168 4182 dant.
218 4106 301 4189 Quo
329 4102 504 4200 paulisper
533 4105 670 4202 pulsato
697 4109 739 4185 iit
757 4108 898 4196 oracio,
932 4111 971 4184 dc
1000 4105 1095 4202 signo
1124 4106 1263 4184 dimisso
1285 4108 1411 4206 incipit
1436 4133 1545 4187 nona.
1595 4107 1677 4184 Post

72 4244 191 4302 uonun
212 4246 317 4319 aqva
345 4231 529 4321 'propinat-ur
547 4234 581 4299 ia
609 4227 781 4322 rutissano.
830 4232 868 4310 u
894 4228 965 4306 hoc
995 4228 1113 4325 agitur
1144 4251 1237 4326 osque
1263 4238 1297 4306 io
1323 4232 1395 4307 Kos.
1421 4234 1579 4317 ottonis.
1613 4253 1678 4307 ex·

74 4346 174 4445 epm
196 4343 328 4425 diebus
350 4342 388 4421 in
413 4342 546 4442 quibua
563 4348 654 4445 semel
677 4347 870 4429 reficimus.
920 4390 969 4409 -
1017 4388 1067 4405 -
1116 4386 1166 4407 -

927 4706 958 4787 P
