3736 5160
195 130 449 284 s·
812 196 1235 293 *omme

197 378 375 457 dedocere
395 394 554 461 errorem
580 370 798 459 debullient‚
838 375 979 473 insuper
1006 390 1082 453 not.
1106 379 1140 455 b.
1163 375 1308 474 adjicite
1340 377 1409 455 itm
1430 374 1577 453 Arnon
1598 393 1725 455 curren
1746 382 1826 481 ὀψο

197 523 236 578 ec
259 498 399 575 Numero
424 501 548 582 ultimo,
580 499 634 570 uln‘
656 493 764 594 uirile
781 495 819 592 se
847 498 970 596 testatur
988 504 1211 572 svrrnsrne
1235 501 1331 573 aihu
1355 518 1608 573 tuntumnvnu
1632 522 1830 579 wucronin

196 622 300 697 retur
316 619 397 714 ejus,
420 622 472 711 qni
494 613 717 704 Monollerr'um
735 617 927 717 reslatcaui'.
972 616 1089 716 Atqui
1109 616 1310 693 Irnremrudit
1323 614 1434 693 vidua
1453 617 1601 711 Wlforn's
1616 618 1824 702 etiamnum

196 734 369 836 superstes
393 734 464 811 luit
486 732 562 831 post
583 732 747 811 medium
768 735 870 812 suut
890 736 953 812 XI.
977 746 1019 812 vt
1041 760 1129 813 mox
1151 735 1365 813 videbimus.
1436 736 1557 831 Magis
1588 739 1721 815 mirum
1751 742 1822 831 est,

197 881 262 936 cut
291 852 508 934 dottiffimus
533 853 598 931 Vir
628 874 651 927 a
679 854 871 929 Sententia
898 854 1069 932 Bollandi
1099 854 1244 939 abierit,
1287 879 1336 931 ex
1361 877 1434 950 quo
1457 856 1572 932 vitam
1599 857 1637 933 S.
1672 859 1824 937 Altonis

196 975 300 1057 nnis
320 972 568 1055 Beneditlinis
593 972 735 1058 intulit,
759 973 823 1072 qui
843 996 929 1050 vero
949 974 1072 1072 palam
1094 975 1257 1057 notauit,
1284 975 1480 1051 honorem
1505 976 1746 1074 Anonymum
1767 981 1823 1061 vi·

197 1108 259 1176 tae
284 1094 398 1193 hujus
422 1090 545 1169 Sentii
574 1089 737 1190 scripsrlse
767 1103 853 1169 ante
879 1097 1166 1194 tumefactum,
1204 1095 1328 1171 editus
1351 1116 1439 1172 vero
1463 1093 1514 1171 ert
1544 1095 1606 1171 hic
1632 1110 1757 1175 tomus
1777 1098 1823 1179 II.

197 1241 294 1295 anno
320 1226 424 1307 1058.
460 1211 578 1288 curlus
609 1210 651 1287 in
683 1209 957 1291 Commentario
990 1215 1140 1313 praeuio
1172 1225 1205 1307 §.
1238 1240 1270 1292 1.
1298 1238 1334 1289 n.
1359 1239 1392 1289 2.
1423 1213 1575 1309 legerat,
1622 1217 1825 1299 Auttorem

194 1332 356 1435 scripsisse
376 1338 515 1409 trecentis
534 1333 600 1430 post
626 1331 661 1407 S.
688 1332 833 1408 Altonem
860 1341 968 1419 unns,
1016 1358 1108 1430 ergo
1129 1332 1323 1411 necellarla
1359 1331 1652 1432 Consequutione
1688 1339 1824 1417 inferre

195 1452 386 1539 debuisset,
411 1450 658 1549 Biographum
679 1449 718 1528 8.
733 1450 883 1529 ditonis
904 1452 1028 1532 vixille
1058 1454 1183 1531 saltem
1213 1454 1338 1529 adulto
1359 1452 1435 1547 jam
1463 1454 1594 1531 Seculo
1618 1457 1678 1533 Xl.
1744 1460 1824 1539 Sed

194 1576 446 1657 condonemus
482 1570 625 1649 homini
657 1570 753 1667 gallo
786 1571 922 1671 lapsum
955 1574 1003 1649 ad
1031 1572 1228 1650 Historiam
1262 1570 1465 1654 Guelfrcam
1493 1577 1617 1651 minus
1646 1579 1823 1667 adtentor

192 1700 243 1777 im
263 1702 390 1772 autem
408 1690 448 1770 P.
470 1686 689 1793 Bucelinuc,
723 1690 813 1769 dum
837 1691 1056 1771 Germaniae
1077 1696 1195 1771 sacrae
1218 1696 1259 1770 P.
1274 1692 1316 1769 ll.
1337 1716 1371 1789 p.
1390 1717 1447 1789 93.
1504 1695 1688 1773 imorum
1711 1700 1825 1775 Ana-

192 1832 271 1905 tom
296 1812 402 1911 cujus
421 1809 461 1889 in
474 1810 546 1887 hac
565 1808 641 1892 vita
659 1811 801 1889 mentio
828 1812 887 1899 lit,
929 1811 1141 1891 Altorffium
1169 1812 1370 1909 inmigralle
1394 1834 1491 1889 anno
1513 1827 1595 1909 985.
1617 1816 1656 1893 dr
1683 1818 1722 1895 in
1740 1820 1824 1900 An.

193 1935 340 2019 nalitus
358 1930 559 2028 Weingurt
584 1946 665 2029 pag.
682 1934 739 2011 or.
755 1932 795 2013 dt
811 1939 870 2013 62·
906 1932 1059 2013 omuino
1085 1956 1183 2011 mun
1210 1956 1294 2033 92²·
1328 1934 1537 2023 contendit,
1568 1937 1716 2017 veniam
1742 1962 1821 2021 me·

193 2050 340 2145 reatutl
382 2051 444 2135 alii
465 2048 652 2152 iudicent!

295 2301 329 2377 6.
352 2294 405 2379 vt
422 2315 510 2389 veto
529 2292 651 2373 omnis
672 2289 903 2391 Ambiguitas
926 2292 1094 2383 tollatur,
1133 2296 1173 2373 de
1199 2305 1299 2377 certo
1321 2296 1368 2375 de
1387 2295 1621 2398 Antiquitate
1640 2302 1822 2403 scriptori:

193 2418 352 2503 constet,
377 2415 539 2496 Nomina
557 2413 768 2511 colligamus
785 2413 835 2491 ibi
861 2414 1036 2513 exprelia,
1069 2416 1240 2493 meminit
1258 2440 1344 2513 ergo
1366 2419 1474 2496 Patris
1500 2426 1599 2497 Catuli
1626 2421 1686 2499 seu
1710 2424 1822 2521 Wefie

194 2522 281 2621 ure
300 2536 412 2634 nurus
433 2534 572 2621 moe,
604 2533 754 2612 numm
777 2533 1005 2627 osorum,
1038 2536 1077 2614 a
1105 2535 1625 2641 nemorumnemorum
1645 2542 1823 2621 eneae-

193 2664 254 2742 dit·
299 2654 452 2753 Singula
470 2653 700 2733 excutiamus
721 2642 860 2731 necelle
883 2654 951 2740 est,
983 2654 1157 2752 quoniam
1178 2655 1282 2745 inde,
1321 2681 1415 2756 quae
1441 2656 1593 2735 inferius
1615 2661 1821 2755 mmmm,

192 2780 298 2861 suum
320 2775 437 2855 sortiri
455 2775 565 2853 robur
587 2775 732 2853 debent.
779 2774 890 2850 Pottlt
909 2773 1030 2850 Catuli
1055 2772 1116 2848 ieu
1142 2774 1251 2854 Welli
1272 2801 1407 2857 nomeu
1430 2777 1611 2874 ignorauit
1628 2781 1821 2864 Laudatus

185 2899 377 3003 Scriptorr
414 2905 453 2974 at
495 2892 586 2999 illud
616 2893 773 2971 feliciter
802 2894 909 2969 nobis
936 2892 1161 2969 conlemauit
1195 2894 1416 2991 synchronus
1448 2899 1487 2977 dr
1517 2899 1684 2977 oculatus
1716 2904 1822 2983 tellit

23 3008 45 3139 ⁰.
193 3036 448 3101 mnannnuvs
470 3013 594 3112 junior
620 3013 659 3091 8.
686 3011 782 3089 Galli
809 3011 1017 3091 Monachus
1043 3015 1140 3111 apud
1164 3015 1375 3093 Goldastum
1401 3019 1538 3095 Rerum
1560 3019 1822 3101 Alemannica·

192 3154 276 3223 mm
290 3158 380 3239 pag.
402 3132 497 3213 mihi
515 3156 577 3233 45.
596 3131 657 3213 vbi
677 3130 865 3232 postquam
879 3131 1048 3210 narrallet
1067 3136 1239 3209 &modun
1260 3136 1377 3231 Regem
1399 3138 1436 3213 S.
1458 3138 1606 3214 othrum
1626 3163 1691 3238 pro
1715 3164 1821 3222 more

195 3258 355 3341 &ulum
370 3276 533 3333 annum
547 3250 729 3340 obtulille,
752 3249 885 3329 subdit:
913 3250 1062 3355 Quod&
1081 3272 1302 3330 nvnomuvs
1319 3258 1419 3359 posteo
1441 3279 1669 3335 morannum
1694 3266 1822 3342 moritis

193 3398 316 3459 entra
341 3416 391 3435 -
420 3418 465 3434 -
488 3382 523 3451 e'n
541 3374 627 3472 cenfie
652 3374 798 3467 eanum
822 3374 857 3446 de
879 3376 997 3448 nerlu
1020 3370 1169 3447 Fucino
1180 3374 1332 3469 juliarum
1343 3375 1434 3468 serit.
1487 3378 1549 3453 Sed
1569 3382 1697 3476 idipsmn
1715 3382 1820 3478 Wrtf.

193 3504 307 3581 haim
331 3500 376 3585 δ’
403 3496 571 3573 Hc'rm'cttt
582 3490 649 3587 filit
671 3492 753 3588 Ejus
770 3497 883 3589 aliquot
901 3495 990 3567 cerm
1012 3492 1086 3566 daun
1105 3487 1260 3584 facerent,
1281 3510 1379 3570 tuctus
1398 3498 1506 3571 rubore
1524 3498 1711 3587 Henm'cus,
1736 3502 1825 3601 qnasi

193 3628 279 3701 homo
291 3619 337 3714 fit
363 3616 520 3714 &initu
527 3614 635 3709 fratre
654 3617 750 3687 mtto
771 3612 896 3709 Ctnsmn
904 3610 1082 3707 supersedit.
1132 3612 1257 3689 Accidit
1271 3627 1372 3687 racem
1401 3621 1435 3689 in
1458 3616 1642 3712 Vrgitr'crurn
1672 3623 1711 3700 S.
1737 3624 1821 3700 Orb-

193 3748 277 3821 mort
302 3742 351 3815 die
368 3736 491 3833 fratres
517 3734 620 3809 amns
651 3732 800 3827 &moun
832 3736 1035 3807 cormesio
1065 3732 1213 3805 &omnen
1239 3734 1387 3828 quoddan
1417 3743 1503 3834 napis
1529 3737 1688 3839 ertiffirnce
1715 3744 1818 3832 arur,

192 3860 341 3961 iaffirrm
365 3848 569 3952 consutilem,
593 3864 709 3947 repone
723 3862 831 3948 pcto,
858 3848 955 3947 supet
980 3868 1072 3946 quam
1096 3848 1264 3926 Htimlcttt
1277 3850 1378 3948 sedit,
1407 3856 1551 3955 codem,
1581 3860 1742 3953 Mohscou
1768 3869 1819 3939 ille

193 3998 321 4077 magnae
340 3976 471 4057 hints,
492 3990 554 4069 pro
570 3972 672 4045 dour!
695 3974 729 4045 tn
747 3965 990 4067 profmdtffmoe
1013 3970 1108 4043 vater
1126 3982 1246 4053 rueret,
1274 3972 1447 4070 &periret
1469 3983 1527 4053 rte
1541 3981 1691 4077 sortem
1711 3984 1819 4061 natm

191 4112 308 4201 porro
328 4093 438 4170 Mater
459 4094 566 4166 otoo
593 4088 762 4187 (scripttut’
786 4110 867 4165 moto
878 4088 1008 4187 sumt.
1043 4090 1122 4184 quud
1148 4094 1334 4186 vrurnvc)
1367 4096 1493 4171 ruedun
1521 4101 1603 4172 tulto
1622 4097 1719 4194 firo'm
1745 4126 1817 4179 erere

192 4220 275 4297 mur
296 4214 340 4303 δ’
361 4212 445 4289 Fun
467 4216 567 4287 ortos
587 4211 629 4285 ui
641 4210 732 4306 pedet
741 4208 845 4306 sunm·
866 4213 962 4286 unit.
1028 4205 1133 4287 Vixit
1160 4229 1266 4307 porro
1295 4210 1491 4291 amnem
1519 4214 1582 4293 hic
1605 4218 1816 4301 Monachus

191 4336 231 4417 8.
255 4333 353 4413 Galli
377 4331 580 4408 etiamnum
589 4328 652 4427 sul
664 4328 823 4427 Notperto
841 4327 978 4414 Attae,
1003 4325 1067 4426 qui
1085 4323 1199 4406 Anno
1221 4327 1340 4407 mxi..
1358 4332 1492 4414 elettus
1505 4335 1573 4423 est,
1596 4360 1644 4415 ex
1656 4338 1815 4421 Vadiani

124 4502 129 4517 ·
192 4451 437 4548 chronologia
462 4449 650 4528 Abbatum
678 4447 802 4524 Sant-
818 4446 1040 4527 Gallensrum
1075 4448 1172 4546 apud
1202 4451 1373 4541 enodem.
1390 4452 1601 4536 Goldastum
1630 4480 1709 4556 pag.
1735 4486 1747 4538 r
1754 4483 1813 4555 52.

192 4576 341 4655 Poterat
377 4592 464 4667 ergo
490 4566 732 4649 Eklrehatduc
765 4567 827 4647 sed
859 4566 1065 4649 etiamnum
1089 4566 1244 4668 Juuenic
1279 4568 1403 4653 vidide
1437 4575 1624 4657 dolentem
1653 4577 1815 4664 Matrem

1713 4700 1815 4779 ntor
