3736 5160
688 206 1135 303 emmae
1309 194 1316 233 '¹
1418 142 1433 179 Ἰ
1691 212 1741 301 ts
1819 244 1822 251 ·

70 488 73 495 Ι
142 380 270 487 aum
289 385 335 475 re
356 368 449 485 ipsos
474 384 624 479 eamme
635 386 780 486 separer
797 389 934 484 formu
957 393 1126 467 romae.
1163 380 1322 463 canan
1346 387 1382 462 a
1408 372 1651 484 properanda
1674 391 1740 463 exr-

133 512 211 608 Μ
231 506 405 605 Proposito,
430 503 592 585 &modo
613 510 651 582 dr
676 505 868 605 Wugerrloclr
892 514 1068 598 colona,
1097 507 1249 586 Hoirur'ce
1275 508 1385 584 Priore
1412 532 1449 582 oc
1469 509 1606 608 mpure,
1633 507 1740 581 Hala-

82 624 92 631 ’
137 631 237 707 dade
258 620 481 705 Gurloritoroen
533 628 691 703 Fridemro
713 632 789 707 rouo
815 632 909 706 Sans.
961 625 1122 706 chunrado
1149 634 1322 726 Capellam,
1349 626 1459 704 Vltro
1489 628 1600 701 Vro'trl
1620 614 1740 722 preferr-

137 752 220 835 uo,
243 750 288 837 δ’
305 770 410 823 cnara
432 753 554 850 testibus
577 748 690 824 Latuit
714 751 894 825 Saloutaria
921 748 965 828 V
965 757 1039 825 trino
1061 752 1097 823 de
1120 747 1348 843 Gundolfir'rger.
1398 741 1558 821 chaman
1580 748 1616 819 de
1638 748 1740 823 smu-

136 892 227 966 rgge,
252 866 410 944 Hotrrrr'co
431 872 468 945 dr
488 862 698 977 naaman,
721 864 885 944 Batloldo
909 872 946 944 dr
971 865 1166 957 Fraudator,
1190 868 1323 963 Hugoru
1347 871 1384 942 de
1410 856 1608 964 munera,
1634 863 1763 939 Huic?
1844 876 1847 881 ’

135 998 185 1065 rio
204 987 380 1087 Muscam
401 988 437 1063 dr
462 982 719 1063 Alimortslroreu
743 992 787 1076 ἃ
807 987 939 1085 liuguae
951 991 1061 1086 fratre
1083 992 1167 1087 ejus,
1192 988 1341 1064 Heinrico
1365 989 1400 1061 dr
1426 980 1630 1082 fflosparh,
1660 988 1741 1061 Ber·

72 1156 77 1165 ·
134 1104 214 1184 olen
235 1109 274 1183 dr
291 1102 495 1195 Amneni,
520 1110 563 1197 8
585 1108 718 1203 Hogoru
743 1105 940 1195 Tarauna,
972 1116 1095 1207 ullisque
1119 1102 1209 1206 muru
1228 1111 1379 1205 parom.
1412 1105 1556 1183 ,Obiter
1579 1104 1662 1181 heic
1686 1105 1740 1182 di-

131 1251 196 1307 cam
218 1226 382 1304 fabulam
405 1230 615 1307 Lettoribus
647 1229 840 1335 obtrudere
862 1228 1097 1319 Brusohium,
1139 1228 1202 1325 qui
1227 1227 1405 1324 originem
1427 1226 1537 1323 hujus
1562 1225 1741 1304 Monaste·

126 1346 230 1425 riiad
253 1346 425 1423 Montem
452 1348 582 1447 Brffurm
606 1347 727 1425 refert.
752 1349 890 1425 constat
914 1350 1012 1426 enim
1039 1350 1108 1429 has
1127 1347 1307 1425 moniales
1332 1346 1371 1422 in
1395 1344 1482 1445 Boffe
1503 1344 1595 1421 haut
1619 1346 1744 1445 procul·

125 1470 267 1565 Μανία
292 1466 505 1556 consedisse,
528 1468 567 1545 dt
591 1493 614 1543 a
639 1470 813 1565 Gregorio
837 1469 897 1547 lX.
923 1472 1092 1571 accepisse
1116 1469 1264 1546 Bullam
1286 1465 1591 1555 confirmationis,
1617 1467 1742 1546 datam

124 1610 204 1667 tono
220 1592 345 1681 ugo
375 1588 462 1663 inde
495 1611 516 1663 a
542 1591 678 1666 &arum
711 1588 865 1667 Placetne
893 1594 929 1665 cle
958 1592 1184 1693 Wnerstertrr
1209 1587 1404 1665 translatae
1437 1587 1518 1661 sunt
1549 1587 1588 1663 in
1617 1589 1739 1673 Baias.

120 1734 219 1813 quarn
250 1704 390 1789 Villam
416 1721 557 1785 emerat
593 1734 615 1786 a
647 1710 800 1787 Fridm'co
832 1710 871 1789 dc
899 1710 1048 1787 Heraea
1079 1711 1246 1787 fratribus
1280 1711 1327 1786 de
1353 1707 1538 1804 Nerulurg,
1585 1706 1689 1785 ditiis
1720 1730 1742 1784 u

97 1826 269 1919 ludim,
309 1826 375 1928 qui
399 1828 438 1906 ἃ
462 1830 684 1926 Necrologiis
711 1829 838 1909 nostris
862 1829 983 1909 inserti
1008 1832 1098 1908 lunt.
1170 1829 1273 1906 Haec
1298 1827 1423 1906 Emtio
1455 1826 1548 1904 satia
1578 1825 1628 1902 est
1657 1851 1743 1909 cum

111 1948 284 2029 consensu
306 1950 489 2026 comitum
522 1953 584 2045 ab:
603 1952 837 2048 Hella'graierg,
879 1952 926 2027 ad
957 1974 1112 2051 quorum
1139 1947 1355 2026 Dominium
1385 1946 1489 2021 lucus
1520 1948 1742 2045 pertinebat,

116 2068 176 2145 cui
203 2068 247 2147 dt
268 2068 312 2145 bi
330 2068 591 2147 renunciarunt
615 2095 712 2147 anno
745 2096 851 2169 1240.
898 2072 1085 2169 Accepere
1107 2093 1253 2168 quoque
1277 2091 1300 2143 a
1327 2069 1462 2143 Conrado
1482 2066 1568 2166 Rege
1595 2070 1743 2167 plenam

124 2188 169 2265 ub
188 2188 291 2267 omui
314 2189 458 2283 ¹seruitio
478 2189 720 2277 Libertatem,
754 2214 866 2289 quam
893 2189 1044 2268 Eisdem
1069 2188 1228 2267 firmauit
1246 2186 1451 2269 fridericus
1475 2187 1517 2263 ll.
1581 2188 1743 2269 conradi

122 2308 255 2419 l'areus
276 2334 382 2409 ¹²4¹·
409 2324 517 2407 atque
545 2312 637 2387 adeo
662 2310 812 2389 inmune
839 2311 1037 2391 declarauit
1062 2308 1343 2398 Monasterium,
1364 2306 1405 2385 vt¹
1425 2308 1513 2389 nulli
1539 2294 1644 2387 alteri
1665 2312 1743 2389 sub·

116 2426 245 2533 setium
274 2429 347 2506 else
376 2431 537 2519 debeat,
556 2454 625 2505 nec
647 2430 760 2509 alium
788 2431 921 2509 habere
947 2431 1199 2519 Aduocatum,
1223 2452 1334 2528 quam
1355 2431 1605 2508 Romanorum
1627 2431 1745 2531 Impe-

118 2546 283 2627 ratorem.
349 2548 454 2629 Haec
485 2574 531 2624 ex
561 2550 712 2628 Litteris
738 2550 973 2629 Authunticis
1002 2553 1035 2628 se
1068 2550 1292 2648 depromsrlle
1314 2550 1430 2627 scribit
1461 2550 1618 2646 Georgia
1645 2555 1743 2648 mlier

123 2668 230 2745 dilus.
256 2662 349 2748 Lib.
363 2669 499 2745 Abbat.
529 2670 678 2750 Tomi.
703 2693 781 2769 pag.
809 2696 888 2767 ¹52·
953 2670 1053 2751 Obiit
1074 2672 1187 2771 Hugo
1213 2672 1336 2751 Annas
1364 2670 1435 2751 llll.
1464 2670 1545 2750 Kal.
1567 2671 1740 2754 Decemb.

125 2790 178 2868 leu
199 2804 258 2877 28.
288 2789 521 2874 Nouembris.

259 3079 630 3173 CONRADVS
670 3080 756 3171 DE
793 3080 1236 3171 WAGENBACH
1269 3078 1472 3169 AB-BAS
1503 3083 1597 3172 XV.

218 3318 248 3371 u.
273 3292 414 3370 Duram
434 3293 560 3390 primis
587 3293 816 3369 Praelaturae
844 3294 926 3370 suae
949 3293 1055 3369 annis
1078 3293 1139 3368 hic
1164 3292 1289 3369 Anbar
1312 3295 1558 3389 expertus'est
1585 3298 1740 3390 Sortem,

136 3412 619 3510 Conflagrationecrrenobii
651 3414 720 3499 sui,
762 3415 859 3512 quod
888 3414 1037 3512 quidem
1069 3414 1308 3489 infortunium
1337 3414 1483 3506 scriptor
1508 3418 1678 3495 Coaeuus
1703 3423 1741 3498 in

135 3533 306 3613 ller'rrr'uum
335 3536 523 3633 Eppiopum,
538 3534 788 3630 &astandogsrm
811 3533 989 3632 impingit.
1039 3532 1150 3610 Hunc
1178 3533 1393 3632 Episcopum
1420 3536 1525 3613 Bella
1551 3537 1633 3636 plus
1662 3540 1742 3619 vice

134 3676 193 3730 vua
214 3653 345 3752 gessisse
368 3676 416 3729 ex
438 3653 621 3729 Chronico
643 3644 892 3728 constantiensi
920 3653 1077 3736 constata
1124 3676 1219 3751 quae
1252 3667 1377 3731 autem
1409 3656 1524 3734 caussa
1553 3657 1741 3748 subluerit,

134 3786 165 3853 rt
183 3788 324 3851 tantam
348 3774 489 3851 Vineae
510 3771 730 3873 vastitatem,
767 3776 804 3851 dr
831 3770 941 3847 ferale
963 3773 1074 3849 etiarn
1092 3772 1316 3875 ¹incendium
1346 3764 1511 3872 inferret,
1532 3780 1673 3874 prorsus
1692 3783 1744 3856 la-

133 3904 197 3981 tet.
222 3898 261 3974 dr
287 3918 337 3970 ne
364 3892 551 3989 vestigium
576 3894 776 3990 comperire
796 3890 911 3966 licuit.
966 3892 1153 3990 Quidquid
1180 3893 1241 3981 su,
1282 3895 1375 3972 haec
1399 3894 1744 3978 Calamitas-nostro

133 4014 339 4092 llouasterio
371 4024 457 4089 ante
481 4036 618 4107 annum
651 4026 756 4105 1248.
781 4012 962 4100 incubuit,
1006 4012 1078 4088 hoc
1114 4013 1212 4101 enim
1238 4016 1345 4093 datae
1378 4016 1459 4092 sunt
1494 4015 1743 4116 Indulgentiae

133 4138 168 4213 ab
183 4135 397 4214 Innocentio
420 4130 481 4213 lv.
514 4131 782 4210 conserentibus
811 4132 1092 4231 Eleemosynam
1127 4136 1175 4210 ad
1202 4134 1516 4215 Restaurutionem
1545 4140 1670 4240 templi
1704 4143 1744 4220 dr

132 4259 357 4335 officinarum.
408 4252 599 4352 Postquam
631 4278 653 4329 e
684 4253 876 4330 Cineribus
904 4267 1103 4355 utcumque
1131 4256 1315 4332 excitasset
1341 4258 1619 4346 Monasterium,
1655 4260 1747 4340 illud
1858 4270 1861 4275 '

134 4398 218 4456 anno
252 4400 357 4473 1253.
390 4375 575 4451 dedicauit
605 4369 805 4449 Elulurdur
838 4358 1004 4474 Episcopo
1035 4376 1259 4472 confluatlrnfir
1291 4374 1467 4455 Eberhard·
1496 4384 1532 4455 dr
1571 4382 1671 4459 Tomoe
1701 4384 1747 4472 δ’

132 4496 415 4591 Aduleidr'rjltos,
439 4508 481 4571 vt
496 4494 662 4590 pluribus
671 4493 780 4569 Locis
796 4495 1028 4573 Documenta
1043 4497 1240 4573 domestica
1257 4497 1368 4574 iidem
1388 4500 1527 4577 faciunt
1546 4502 1746 4581 indubiam.

131 4614 275 4698 Exstant
299 4614 502 4695 etiamnum
525 4616 685 4693 litterae
713 4613 823 4712 hujus
852 4615 1019 4718 Episcopi
1041 4617 1150 4694 datae
1175 4618 1215 4697 iu
1245 4617 1482 4718 weingarten
1507 4644 1605 4703 auno
1621 4624 1751 4704 Domi.

215 4760 233 4787 ··
986 4737 1069 4819 Ka
1667 4746 1751 4823 nice
1831 4820 1842 4833 ‚
