3736 5160
665 157 1097 250 sweep-
1644 158 1732 246 ᾖ·

61 345 171 422 Soron
186 304 251 439 fiac
264 336 476 432 srnpcratrr'ce,
516 333 701 410 tametsi
689 357 728 411 m
766 335 927 424 Nomine
956 328 1107 433 Junaae
1136 330 1286 431 oppido
1296 331 1476 434 fqllantur.
1539 327 1689 413 Interim
1725 332 1727 337 ’
1768 388 1770 395 ·

59 484 176 563 quum
203 454 388 534 Annalisla
409 455 525 541 Saxo,
554 453 693 532 Ausim
712 455 833 550 grauis
857 456 1116 585 Imperatorem
1138 453 1333 528 Ludmicurn
1362 464 1487 539 vocet,
1518 454 1691 550 quamuis
1793 466 1799 471 '
1835 434 1844 513 ’-

59 584 188 677 inepte
210 559 324 665 eom.
345 572 459 650 malui
480 571 515 649 ei
542 575 713 651 accedere
740 573 920 671 opinioni,
954 597 1049 672 quae
1067 574 1127 652 sub
1157 572 1315 649 Ludcuico
1338 573 1446 671 vulgo
1474 571 1595 667 biforan·
1621 573 1697 649 Hi

60 701 206 778 storiam
228 695 460 793 supraditiam
483 692 618 789 gestam
638 694 739 770 inille
765 705 877 791 putat.
931 695 1056 791 ltaque
1076 694 1186 768 Etbico
1210 692 1305 769 circa
1327 695 1481 771 Annum
1510 713 1592 783 900·
1624 691 1692 766 So·

60 819 253 896 litudinem
279 811 535 909 ingressus‚&
556 811 698 889 circiter
718 806 907 889 Decennio
932 811 1008 912 post
1032 814 1193 901 Mortem
1213 834 1298 890 cum
1328 812 1415 892 Vita
1436 802 1691 900 commutauit,
1741 843 1779 903 χ

61 938 146 1023 nifi,
172 936 270 1033 quod
293 930 482 1019 Auentino
508 929 647 1028 placet,
685 933 730 1010 ab
754 930 911 1027 Vngaris
928 931 1045 1011 Anno
1066 935 1149 1030 907.
1216 931 1456 1032 Irruptionem
1475 929 1692 1009 facientibus

61 1061 172 1136 arcto
190 1052 309 1131 noller
329 1050 453 1127 caelus
475 1049 595 1127 fuerit.
1771 1049 1773 1053 ’

161 1274 195 1346 4.
221 1247 296 1322 Sed
327 1246 568 1339 Anonymum
599 1244 646 1319 de
674 1245 813 1324 Gueliis
843 1246 867 1322 l.
890 1270 920 1324 c.
948 1246 1098 1326 ulterius
1135 1244 1338 1326 audiamur.
1406 1249 1588 1342 Comperto
1587 1244 1692 1321 Morte

60 1373 172 1447 Patris
198 1368 367 1443 Heinricus
396 1361 583 1456 consederam
614 1369 710 1438 locum
735 1369 790 1440 obi
823 1373 898 1441 cella
932 1376 994 1441 lnce
994 1385 1050 1468 pta
1074 1367 1185 1462 fumat
1219 1368 1436 1440 incommodum
1467 1367 1510 1451 ἐφ’
1542 1346 1691 1458 difficilem
1825 1371 1837 1377 ”

62 1491 296 1582 nostratibus,
323 1485 364 1558 cd
387 1483 519 1566 Villam,
544 1504 618 1577 quae
639 1467 752 1557 dicitur
777 1487 1017 1588 Altenmunsler,
1041 1491 1082 1562 vi
1082 1513 1096 1562 c
1065 1488 1241 1561 csnntcus
1265 1486 1342 1561 Alto
1358 1481 1499 1582 cmfeffirr
1518 1486 1691 1582 requiescit,
1706 1485 1709 1489 ’

56 1611 152 1706 fiapro
177 1610 267 1681 dailos
295 1601 465 1681 Monccbcr
484 1599 788 1702 (Amrrgouienser)
814 1629 883 1679 cram
914 1609 1050 1682 omnibus
1068 1609 1139 1696 suls
1160 1610 1347 1688 narrum,
1379 1604 1439 1688 s?
1453 1602 1618 1678 Albucium
1648 1606 1693 1678 lbi

55 1727 138 1825 souis
160 1723 324 1820 religiosam
347 1724 391 1808 θ
413 1724 539 1797 amaon
554 1717 691 1816 merit.
743 1725 904 1819 Vtraque
932 1746 1018 1822 ergo
1046 1723 1312 1801 Monachorurn
1333 1719 1527 1797 Colonia
1516 1740 1553 1794 m
1578 1742 1690 1799 vnam
1835 1714 1838 1719 ’

63 1843 199 1921 coaluit
218 1841 431 1928 Abbatiam,
456 1842 495 1919 dr
517 1837 649 1914 Incolis
680 1838 718 1917 ἀ
743 1841 963 1921 Redditibus
990 1843 1188 1942 plurimum
1218 1838 1447 1938 a.Principis
1476 1838 1690 1918 liberalitate

62 1963 234 2042 adautb's.
300 1961 450 2039 Fattum
472 1957 511 2034 id
534 1957 606 2034 fuit
629 1958 723 2036 circa
748 1961 902 2049 Annum
927 1983 998 2056 915
1019 2001 1035 2020 ·
1062 1984 1145 2055 920.
1754 1980 1758 1993 ²

167 2176 198 2247 5.
227 2153 354 2247 Pollae,
391 2150 504 2249 pergit
534 2154 758 2252 Anonymus
788 2138 924 2238 noster,
956 2156 999 2243 ὁ*
1017 2161 1061 2229 in
1079 2139 1286 2248 ‘AEtdcrfcnst
1304 2132 1395 2229 “Vm
1423 2153 1590 2230 ambatiam
1618 2179 1688 2233 cum

70 2274 352 2346 Saotiimcnialilur
371 2276 405 2346 in
426 2278 487 2369 lqco
507 2276 562 2348 obi
583 2298 664 2348 manc
683 2278 865 2371 parochialis
888 2271 1022 2368 Ecclesia
1040 2274 1097 2376 est,
1116 2258 1315 2368 construxit*
1342 2268 1537 2349 Heinricus
1554 2298 1686 2371 nempe

63 2390 160 2467 lilius
182 2389 389 2479 Etichonis,
412 2394 512 2490 quod
535 2393 686 2490 quidem
706 2393 840 2471 latium
860 2417 942 2470 reor
960 2392 1056 2470 circa
1068 2394 1223 2472 Annum
1247 2416 1319 2487 920
1332 2392 1687 2487 -pcplirntturam

61 2523 186 2588 autem
205 2509 280 2605 lpse
301 2509 422 2587 Morte
451 2522 671 2607 praeuentus
697 2536 771 2587 non
801 2512 969 2600 absoluit,
1009 2514 1068 2591 sed
1095 2516 1195 2587 Becco
1221 2511 1313 2608 Ejus
1345 2512 1441 2590 onr
1463 2515 1511 2589 de
1531 2512 1688 2593 Hohun·
1838 2540 1842 2552 ·

59 2628 180 2708 warth
207 2651 292 2707 cum
321 2628 414 2704 Filio
447 2630 509 2704 suo
541 2633 678 2706 Ccnrodc
703 2631 878 2728 Episcopo
907 2632 1156 2713 constantiensi
1180 2631 1351 2730 perfecit.
1411 2631 1474 2717 Vti
1502 2626 1724 2710 aNoiiriss
1781 2638 1784 2643 ’

60 2752 275 2826 adnotatum
296 2747 396 2825 suit
429 2747 602 2825 Ceterum
629 2750 832 2827 etiamnum
858 2775 934 2829 non
962 2753 1108 2830 obscura
1130 2751 1226 2832 circa
1248 2751 1411 2896 Domum
1441 2750 1688 2851 parochialem
1774 2862 1777 2866 ³
1810 2831 1811 2835 ᾖ

54 2882 261 3009 cernuntur
281 2866 418 2946 veteris
444 2846 653 3005 Monalierii
676 2871 817 2948 rudera.

158 3072 191 3141 ό.
216 3063 260 3137 R.
281 2998 547 3150 RBucciinns,
570 3061 631 3137 cui
655 3061 732 3139 fere
752 3062 884 3162 ubique
903 3060 1033 3164 volupe
1057 3063 1145 3149 fult.
1172 3073 1255 3143 vtut
1276 3059 1444 3166 antiqua,
1465 3059 1592 3180 'adhuc
1613 3050 1726 3144 vno.
1781 3175 1784 3181 η
1846 3038 1851 3045 ’

61 3185 186 3263 saltem
215 3179 346 3257 Seculo
372 3179 577 3278 antiquiora
606 3183 777 3270 reddere,
800 3185 1005 3272 contendit,
1031 3185 1244 3262 Heinricum
1268 3180 1394 3285 Atque
1412 3183 1568 3262 Beatam
1583 3178 1684 3260 fuisse
1744 3208 1754 3227 ³
1834 3278 1838 3283 Ι

64 3306 243 3382 duntaxat
264 3301 509 3400 Rcstourcrorer,
540 3324 615 3375 non
638 3301 824 3378 Faadarores
845 3302 1086 3381 parthenonis
1106 3294 1374 3394 Aitdorffensrs,
1400 3292 1485 3380 ante
1506 3304 1684 3403 ducentos
1786 3360 1795 3369 -

63 3425 163 3502 enim
183 3424 315 3501 Annos
341 3419 536 3514 Wlfcnirl.
561 3421 736 3496 Parentes
758 3418 957 3515 lfombomm
980 3427 1017 3503 ἀ
1036 3425 1259 3499 lrmcntrudem
1279 3423 1395 3521 prima
1411 3417 1530 3520 jecille
1554 3421 1685 3503 Mona·

59 3543 156 3647 iterii
176 3541 423 3616 fundamenta.
475 3541 612 3618 Verum
635 3540 861 3628 confutatus,
885 3552 1080 3641 antequam
1097 3543 1188 3617 haec
1210 3540 1392 3629 scriberet,
1423 3541 1686 3640 aD.Georgio

60 3640 112 3741 tt
113 3660 254 3757 egelinn
277 3657 534 3757 profundiffimi
560 3646 700 3757 -Jndicii
718 3657 862 3734 Abbate
886 3660 966 3737 fuit.
1032 3659 1149 3759 Cujus
1170 3660 1289 3742 Verba
1312 3685 1360 3737 ex
1380 3660 1470 3739 libro
1498 3661 1685 3742 Abbatum

59 3780 210 3858 Tomi
240 3802 320 3877 pag
344 3804 398 3876 14.
430 3778 504 3855 huc
531 3776 781 3854 transscribere
810 3776 947 3875 placet:
986 3780 1150 3878 Bruscbr'ur
1178 3783 1221 3870 8
1243 3783 1369 3879 msam
1397 3786 1453 3857 clii
1477 3783 1540 3877 ejus
1555 3781 1686 3876 farinas
1829 3772 1837 3787 '

53 3902 216 4001 scriptores
235 3896 450 3994 Altdorffenfis
472 3894 654 3996 Μοηαβενίἰ
676 3895 891 3972 Fundatricer'rr
902 3899 1043 3995 scribunt
1057 3899 1152 3998 fuiffc
1177 3901 1398 3978 Irmentrudem
1421 3908 1519 3999 ptlrni
1550 3899 1684 3997 Guelfe-

59 4029 112 4097 nir
136 4023 276 4094 onrerrr.
302 4016 409 4114 (aliis
429 4018 603 4115 Metron).
634 4116 637 4122 Ι
668 4012 752 4104 „De
775 4012 845 4091 hac
868 4014 899 4091 F
901 4014 1099 4094 undatione
1120 4017 1216 4095 nihil
1242 4020 1281 4096 in
1304 4021 1422 4097 nostro
1446 4014 1612 4099 Archino
1643 4023 1685 4101 dt·
1796 4066 1807 4079 κ

59 4139 175 4229 „aliis
213 4123 354 4213 nolitis*
369 4134 549 4235 scripturis
580 4134 784 4211 inuenitur:
829 4134 889 4210 sed
921 4135 1062 4212 Matrem
1091 4139 1127 4212 S.
1151 4141 1298 4225 amat,
1339 4142 1376 4218 dt
1403 4132 1482 4231 eius
1507 4138 1682 4220 muitum

55 4259 281 4349 „Heremo
305 4281 375 4334 nos
387 4265 506 4354 primos
527 4251 777 4331 Altdorffensrs
795 4251 1002 4332 Monasterii
1025 4255 1216 4334 Macro
1241 4256 1477 4354 agnoscimus.
1533 4254 1596 4334 Sic
1615 4283 1683 4336 no·
1729 4314 1732 4328 .

56 4378 203 4467 „sirum
217 4375 444 4464 Chronicon,
468 4375 515 4452 fic
536 4374 575 4450 in
595 4372 682 4456 Vita
701 4372 739 4449 S.
757 4372 935 4473 Coqradi,
960 4396 1071 4474 quam
1090 4375 1204 4455 habes
1223 4375 1263 4452 in
1282 4378 1412 4454 eodem
1430 4377 1550 4455 nostro
1566 4376 1686 4458 Chro-
1763 4468 1768 4476 Ι

57 4498 176 4588 „nico
202 4497 249 4572 de
276 4497 533 4586 Guelsonibus,
556 4493 603 4572 src
628 4493 778 4594 antiqua
801 4515 916 4595 eaque
938 4495 1039 4573 'varia
1061 4494 1306 4598 Manuscripta
1328 4494 1571 4607 Documenta.

886 4621 971 4738 B3
1480 4673 1481 4676 ¹
1540 4658 1575 4744 7.
1599 4634 1687 4723 'lra-
1782 4624 1786 4633 ¹
