3736 5160
567 310 575 319 -
649 240 1072 340 emme
1605 260 1678 345 au
1770 348 1776 358 ,

96 422 195 504 dinis
228 418 268 499 S.
295 416 485 502 Benedidi
516 429 584 503 etc.
610 422 776 502 Salutem
811 423 850 501 in
883 424 1063 510 Domino,
1103 423 1145 505 dc
1165 398 1275 506 omne
1295 424 1450 517 bonum,
1490 424 1685 526 officiaque

96 547 166 627 stra
189 541 417 644 paratissima
445 630 447 634 Α
1157 550 1162 557 ’

138 784 284 863 Notum
313 782 472 861 facimus
494 782 733 863 Reuerendae
762 783 963 863 admodum
984 783 1238 866 Dominationi
1259 797 1347 868 tuae
1366 786 1465 889 qnod
1488 785 1688 888 Superiori·

96 932 121 987 s
146 905 284 985 Diebus
306 905 458 983 dileslus
488 904 595 981 nobis
618 904 856 981 Reuerendus
881 904 1064 983 Dominus
1094 906 1277 1011 Georgius,
1315 896 1525 988 Monasterii-
1547 910 1585 988 S.
1609 910 1687 990 Ma-

96 1052 118 1105 e
147 1028 195 1103 nd
213 1026 331 1104 Senos
357 1024 528 1113 Viennae,
562 1026 729 1122 ejusdem
757 1024 904 1102 Ordinis
932 1023 1076 1114 libias,
1110 1031 1216 1107 nobis
1241 1031 1279 1109 dc
1310 1027 1526 1107 Confistorio
1550 1029 1688 1121 nostro,

96 1160 181 1227 rote
202 1144 339 1248 exponi
362 1144 509 1232 lecerit,
534 1159 714 1245 quatenus
739 1169 812 1222 non
836 1146 955 1225 nullos
974 1147 1287 1226 Conuentualium
1309 1147 1521 1227 &fratrum
1543 1150 1687 1230 suorum

103 1266 328 1359 monasterio
353 1266 526 1350 haberet,
561 1267 626 1365 qui
648 1269 685 1346 dc
712 1267 750 1344 in
778 1267 941 1346 moribus
969 1268 1119 1367 viteque
1143 1268 1344 1368 exemplari
1369 1267 1527 1345 dissoluti
1554 1268 1686 1361 essent,

96 1391 141 1468 in
171 1384 366 1491 Disciplina
388 1383 631 1463 Ecclenaluca
651 1388 810 1466 nimium
837 1387 1105 1477 exorbitarent,
1140 1392 1233 1467 aden
1257 1403 1297 1468 vt
1320 1388 1441 1465 nullus
1464 1371 1687 1469 Concilioni

96 1524 278 1612 paternae
298 1505 558 1586 Admonitioni
587 1507 670 1586 suae
693 1510 789 1608 apud
815 1510 896 1587 illos
920 1510 1188 1590 resumimus
1211 1509 1430 1587 inueniatur.
1496 1511 1603 1597 Quod
1633 1509 1687 1609 [ο-Ι

96 1656 118 1711 n
140 1618 230 1708 inde
251 1626 333 1732 fieri
356 1626 522 1714 dicebat,
542 1625 577 1703 se
596 1627 729 1707 scilicet
753 1631 801 1707 ad
826 1632 962 1729 negocio
978 1629 1115 1731 publica
1140 1635 1179 1712 dr
1200 1630 1419 1731 prouincialiu
1440 1629 1587 1729 singulis
1610 1632 1686 1709 fere

96 1746 270 1841 nonan
295 1748 511 1824 mandatum
534 1747 573 1825 S.
595 1748 638 1826 C.
660 1751 710 1827 Μ.
732 1748 886 1826 Domini
913 1749 1023 1826 nostri
1056 1749 1320 1829 clementissmi
1350 1761 1421 1827 etc.
1446 1752 1610 1842 auocari,
1646 1751 1687 1831 δι

96 1874 189 1951 ideo
206 1870 345 1949 iratres
376 1868 415 1942 in
439 1867 576 1957 offimo,
608 1868 814 1947 Praesentia
839 1869 900 1948 sua
928 1870 1049 1957 dorni,
1085 1870 1235 1950 interim
1261 1872 1448 1948 continere
1475 1897 1550 1949 non
1579 1871 1685 1974 posse.
1811 1962 1814 1967 ¹

96 2016 145 2073 no
166 1990 325 2069 noſtram
348 1977 569 2067 ordinariam
590 1989 820 2070 assistentiam
844 1993 885 2072 dr
907 1990 1071 2070 officium
1095 1991 1321 2091 implorauit,
1346 1992 1577 2090 supplicando
1597 1991 1686 2069 huic

96 2114 168 2201 rio,
204 2111 252 2191 ad
274 2109 489 2188 euitandam
512 2110 650 2203 majus,
681 2110 973 2201 subueniremue‚
1004 2134 1214 2214 nouamque
1235 2135 1355 2188 nouae
1380 2113 1587 2214 disciplinae
1615 2114 1685 2190 Ec·

96 2228 264 2310 esmsticae
284 2228 596 2308 Reformationem
619 2231 946 2312 introduceremus.
1005 2234 1113 2320 Quod
1139 2246 1180 2312 vt
1204 2256 1336 2330 magna
1363 2233 1478 2311 animi
1500 2235 1684 2334 perturba·
1832 2328 1835 2333 ¹

96 2374 155 2430 me
186 2350 408 2450 acoepimus,
442 2352 495 2427 ita
521 2351 612 2429 nihil
635 2352 735 2452 prius
760 2353 868 2432 nobis
892 2354 983 2441 suit.
1013 2374 1125 2454 quum
1147 2365 1189 2433 vt
1223 2352 1384 2453 principe
1421 2352 1502 2434 ioco
1523 2353 1684 2455 ‚piorum

96 2475 300 2567 ndutorum
331 2497 438 2549 mens
464 2474 510 2549 ad
537 2472 702 2550 Laudem
727 2473 797 2551 Dei
820 2472 1084 2575 omnipotentis
1110 2498 1282 2573 vergens,
1305 2473 1396 2551 sarta
1423 2477 1587 2577 testaque
1605 2495 1683 2550 ma·

96 2610 153 2684 at,
195 2593 309 2692 inque
343 2594 512 2671 omnibus
535 2593 671 2670 Sedulo
702 2594 928 2681 obseruatur,
966 2597 1100 2685 deinde
1125 2600 1164 2676 n
1186 2595 1319 2672 Cultus
1344 2595 1512 2684 diuinus,
1551 2595 1591 2671 in
1617 2590 1683 2668 tali

96 2712 267 2794 smmum
291 2714 388 2800 loco,
423 2737 531 2813 quem
552 2713 691 2815 plurimi
726 2713 767 2792 Θ
797 2716 969 2814 praecipui
993 2715 1120 2813 quidem
1148 2718 1310 2793 ciuitatis.
1346 2712 1682 2812 magnarumve·

96 2835 240 2913 ratione
264 2832 405 2911 visrt'are
434 2834 568 2924 solent,
595 2859 641 2909 ne
662 2832 700 2909 in
726 2834 882 2919 minimo
908 2830 1056 2934 quidem
1083 2833 1332 2922 labesalsetur,
1355 2836 1403 2911 src
1427 2856 1571 2935 quoqne
1590 2856 1682 2910 oues

110 2957 253 3034 hoedis
277 2953 575 3055 Sequelirentur:
607 2955 657 3030 Et
682 2965 722 3033 vt
746 2955 817 3030 hoc
840 2977 914 3031 non
939 2968 1019 3032 tarn
1042 2952 1236 3042 foeliciter,
1268 2976 1379 3053 quarn
1404 2955 1575 3033 velociter
1599 2951 1681 3040 liat,

96 3076 247 3156 rcessnm
272 3075 512 3176 inquistionis
537 3074 779 3163 instituimus,
804 3073 842 3152 in
873 3074 936 3151 illo
958 3087 1081 3152 autern
1106 3099 1179 3150 non
1204 3073 1268 3149 nisi
1294 3096 1413 3153 raram
1437 3072 1682 3156 Concordiam

96 3214 204 3280 trum
219 3254 229 3287 ,
247 3196 289 3275 ,δι
313 3194 589 3275 Dissolutionem
612 3218 757 3275 morum
781 3193 1109 3275 Eccleliasticomm
1132 3195 1352 3273 inuenimus.

145 3439 276 3536 Itaque
299 3438 495 3516 reformare
520 3438 558 3517 dr
583 3459 718 3513 nouam
743 3435 975 3536 Disciplinam
1006 3434 1236 3516 introducere
1257 3435 1422 3518 volentes
1448 3432 1683 3513 Conuentua·

96 3588 146 3650 n,
179 3557 240 3633 cui
266 3558 476 3636 deberet&
503 3559 695 3635 commode
721 3556 830 3655 pollet
854 3557 1015 3635 officium
1041 3557 1234 3647 Priorem,
1269 3557 1329 3655 qui
1360 3556 1517 3656 reliquos
1540 3555 1598 3633 vel
1619 3578 1682 3630 ex·

96 3679 174 3781 rplo
200 3679 298 3757 bono
322 3684 482 3765 teneret,
521 3677 581 3757 rel
604 3677 748 3757 virtutis
769 3677 808 3754 dc
835 3678 1020 3755 dodrinae
1043 3673 1219 3756 limitibus
1241 3666 1449 3766 coerceret,
1474 3697 1544 3751 nec
1569 3696 1685 3754 vnum

96 3802 206 3879 idem
246 3795 493 3901 judicpuimue
533 3797 695 3897 dignum.
765 3799 889 3885 Quum
921 3800 1088 3876 medicus
1121 3795 1324 3900 quaeritur,
1363 3794 1562 3904 exasperari
1597 3794 1689 3874 solet

96 3920 207 3998 ulum.
264 3918 391 4018 ltaque
412 3918 688 3996 ex'istiusmodi
720 3917 877 4016 epistolis
912 3945 1030 4018 ueprius
1062 3917 1180 3995 Leisur
1211 3940 1287 3993 non
1320 3939 1410 3994 mox
1438 3910 1596 3991 inferetz
1637 3926 1691 3990 eo*

96 4064 171 4141 que
193 4038 405 4139 prostratam
424 4039 522 4118 fuine
548 4038 769 4137 disciplinam
789 4040 827 4116 in
844 4039 1059 4128 coenobiis,
1089 4050 1131 4113 ut
1154 4037 1218 4113 dne
1241 4037 1337 4113 inter
1360 4035 1396 4112 se
1418 4035 1685 4122 lamentantur,

96 4163 154 4239 rod
180 4183 245 4261 per
266 4159 434 4264 Ep'jlnlns
467 4161 544 4238 lieri
567 4159 664 4237 solet.
729 4159 813 4237 Hoc
845 4161 1028 4239 monitum
1059 4157 1122 4235 srbi
1152 4156 1319 4256 inprimis
1347 4166 1479 4233 notent
1509 4156 1685 4233 Censores

96 4282 206 4360 idam
232 4278 442 4366 aliusnon,
479 4283 614 4380 quiex
639 4280 770 4358 notitia
793 4304 878 4358 cnm
902 4278 964 4380 ipsr
990 4276 1278 4363 communicata,
1303 4298 1419 4375 quum
1441 4274 1515 4352 mel
1539 4277 1686 4375 ponent,

96 4428 130 4481 m
155 4401 222 4479 nisr
247 4424 388 4479 venena
418 4404 541 4498 sugere
571 4402 692 4479 solent
754 4402 920 4499 Sapienti
943 4422 1059 4501 pauca
1075 4400 1096 4476 s.
1141 4396 1354 4475 contutum
1393 4416 1479 4492 ergo
1514 4397 1695 4475 unximus-

96 4547 128 4598 ιο
155 4522 196 4599 in
224 4522 324 4607 calor
345 4521 513 4615 aliorum
547 4521 789 4599 Dominorum
821 4523 1010 4603 Abbatum
1041 4517 1287 4599 aurulintrices
1314 4515 1506 4614 implorare
1533 4537 1691 4604 manus,¹
1829 4512 1837 4523 '

97 4655 165 4721 out
193 4641 289 4720 hisce
307 4642 561 4723 Reuerendam
587 4644 799 4722 Admodum
823 4641 1126 4724 Dominationum
1157 4651 1259 4717 tuam
1287 4634 1442 4715 officiose
1468 4637 1685 4734 salutamus,

111 4796 118 4803 ·
1497 4772 1685 4857 peraman-
