<?xml version="1.0" encoding="UTF-8"?>
<!DOCTYPE html PUBLIC "-//W3C//DTD XHTML 1.0 Transitional//EN"
    "http://www.w3.org/TR/xhtml1/DTD/xhtml1-transitional.dtd">
<html xmlns="http://www.w3.org/1999/xhtml" xml:lang="en" lang="en">
 <head>
  <title>
</title>
<meta http-equiv="Content-Type" content="text/html;charset=utf-8" />
  <meta name='ocr-system' content='tesseract 3.04.00' />
  <meta name='ocr-capabilities' content='ocr_page ocr_carea ocr_par ocr_line ocrx_word'/>
</head>
<body>
  <div class='ocr_page' id='page_1' title='image "./prodromusmonume01hessgoog_0165.png"; bbox 0 0 3736 5160; ppageno 0'>
   <div class='ocr_carea' id='block_1_1' title="bbox 131 210 1149 308">
    <p class='ocr_par' dir='ltr' id='par_1_1' title="bbox 131 210 1149 308">
     <span class='ocr_line' id='line_1_1' title="bbox 131 210 1149 308; baseline -0.002 -1"><span class='ocrx_word' id='word_1_1' title='bbox 131 210 201 308; x_wconf 69' lang='lat' dir='ltr'>iis</span> <span class='ocrx_word' id='word_1_2' title='bbox 728 213 1149 307; x_wconf 49' lang='lat' dir='ltr'>*esame</span> 
     </span>
    </p>
   </div>
   <div class='ocr_carea' id='block_1_2' title="bbox 125 386 1760 606">
    <p class='ocr_par' dir='ltr' id='par_1_2' title="bbox 125 386 1760 606">
     <span class='ocr_line' id='line_1_2' title="bbox 125 386 1760 587; baseline 0.006 -123"><span class='ocrx_word' id='word_1_3' title='bbox 125 391 257 587; x_wconf 57' lang='lat' dir='ltr'>gente,</span> <span class='ocrx_word' id='word_1_4' title='bbox 281 387 396 464; x_wconf 87' lang='lat' dir='ltr'>exstat</span> <span class='ocrx_word' id='word_1_5' title='bbox 410 387 449 466; x_wconf 94' lang='lat' dir='ltr'>in</span> <span class='ocrx_word' id='word_1_6' title='bbox 465 386 643 471; x_wconf 81' lang='lat' dir='ltr'>Archiiiio</span> <span class='ocrx_word' id='word_1_7' title='bbox 658 391 921 490; x_wconf 88' lang='lat' dir='ltr'>Weingartensi</span> <span class='ocrx_word' id='word_1_8' title='bbox 944 394 1041 472; x_wconf 88' lang='lat' dir='ltr'>inter</span> <span class='ocrx_word' id='word_1_9' title='bbox 1062 390 1156 472; x_wconf 81' lang='lat' dir='ltr'>iiiia</span> <span class='ocrx_word' id='word_1_10' title='bbox 1184 391 1459 473; x_wconf 88' lang='lat' dir='ltr'>Bettenbrunn:</span> <span class='ocrx_word' id='word_1_11' title='bbox 1493 392 1558 475; x_wconf 90' lang='lat' dir='ltr'>sub</span> <span class='ocrx_word' id='word_1_12' title='bbox 1586 391 1701 475; x_wconf 84' lang='lat' dir='ltr'>Nom.</span> <span class='ocrx_word' id='word_1_13' title='bbox 1728 420 1760 474; x_wconf 90' lang='lat' dir='ltr'>i.</span> 
     </span>
     <span class='ocr_line' id='line_1_3' title="bbox 154 508 423 606; baseline -0.004 -21"><span class='ocrx_word' id='word_1_14' title='bbox 154 509 237 606; x_wconf 89' lang='lat' dir='ltr'>ujus</span> <span class='ocrx_word' id='word_1_15' title='bbox 265 508 423 586; x_wconf 89' lang='lat' dir='ltr'>tenoris:</span> 
     </span>
    </p>
   </div>
   <div class='ocr_carea' id='block_1_3' title="bbox 118 712 1763 1069">
    <p class='ocr_par' dir='ltr' id='par_1_3' title="bbox 118 712 1763 1069">
     <span class='ocr_line' id='line_1_4' title="bbox 222 712 1763 849; baseline 0.001 -23"><span class='ocrx_word' id='word_1_16' title='bbox 222 746 436 826; x_wconf 90' lang='lat' dir='ltr'>Bonisacius</span> <span class='ocrx_word' id='word_1_17' title='bbox 472 712 670 849; x_wconf 82' lang='lat' dir='ltr'>Episcopus</span> <span class='ocrx_word' id='word_1_18' title='bbox 704 749 841 829; x_wconf 87' lang='lat' dir='ltr'>Seruus</span> <span class='ocrx_word' id='word_1_19' title='bbox 879 751 1076 829; x_wconf 87' lang='lat' dir='ltr'>Sernorum</span> <span class='ocrx_word' id='word_1_20' title='bbox 1109 751 1196 837; x_wconf 89' lang='lat' dir='ltr'>Dei,</span> <span class='ocrx_word' id='word_1_21' title='bbox 1239 752 1359 829; x_wconf 75' lang='lat' dir='ltr'>Dilesto</span> <span class='ocrx_word' id='word_1_22' title='bbox 1390 749 1468 829; x_wconf 68' lang='lat' dir='ltr'>aaa</span> <span class='ocrx_word' id='word_1_23' title='bbox 1491 747 1613 829; x_wconf 78' lang='lat' dir='ltr'>Arioi</span> <span class='ocrx_word' id='word_1_24' title='bbox 1638 750 1763 829; x_wconf 85' lang='lat' dir='ltr'>Morio·</span> 
     </span>
     <span class='ocr_line' id='line_1_5' title="bbox 118 868 1763 1069; baseline -0.001 -119"><span class='ocrx_word' id='word_1_25' title='bbox 118 868 234 1069; x_wconf 52' lang='lat'>{131⁰</span> <span class='ocrx_word' id='word_1_26' title='bbox 237 869 819 1068; x_wconf 50' lang='lat' dir='ltr'>1iligmss&#39;rmgaitConstantienliseri</span> <span class='ocrx_word' id='word_1_27' title='bbox 847 871 1051 983; x_wconf 88' lang='lat' dir='ltr'>Dioecesis,</span> <span class='ocrx_word' id='word_1_28' title='bbox 1089 872 1256 953; x_wconf 82' lang='lat' dir='ltr'><strong>Salutem</strong></span> <span class='ocrx_word' id='word_1_29' title='bbox 1290 872 1329 950; x_wconf 83' lang='lat' dir='ltr'>dt</span> <span class='ocrx_word' id='word_1_30' title='bbox 1359 869 1604 970; x_wconf 82' lang='lat' dir='ltr'>Apostolicain</span> <span class='ocrx_word' id='word_1_31' title='bbox 1635 872 1763 951; x_wconf 86' lang='lat' dir='ltr'>Bene·</span> 
     </span>
    </p>
   </div>
   <div class='ocr_carea' id='block_1_4' title="bbox 225 1186 1770 1327">
    <p class='ocr_par' dir='ltr' id='par_1_4' title="bbox 225 1186 1770 1327">
     <span class='ocr_line' id='line_1_6' title="bbox 225 1186 1770 1327; baseline 0.001 -21"><span class='ocrx_word' id='word_1_32' title='bbox 225 1230 301 1306; x_wconf 90' lang='lat' dir='ltr'>Piis</span> <span class='ocrx_word' id='word_1_33' title='bbox 327 1226 512 1307; x_wconf 87' lang='lat' dir='ltr'>desideriis</span> <span class='ocrx_word' id='word_1_34' title='bbox 536 1227 753 1307; x_wconf 88' lang='lat' dir='ltr'>deuotorum</span> <span class='ocrx_word' id='word_1_35' title='bbox 777 1239 919 1327; x_wconf 88' lang='lat' dir='ltr'>gratum</span> <span class='ocrx_word' id='word_1_36' title='bbox 943 1232 1024 1317; x_wconf 84' lang='lat' dir='ltr'>Nos</span> <span class='ocrx_word' id='word_1_37' title='bbox 1047 1230 1153 1307; x_wconf 88' lang='lat' dir='ltr'>decet</span> <span class='ocrx_word' id='word_1_38' title='bbox 1177 1232 1347 1327; x_wconf 87' lang='lat' dir='ltr'>praebere</span> <span class='ocrx_word' id='word_1_39' title='bbox 1370 1229 1614 1315; x_wconf 84' lang='lat' dir='ltr'>consensum.</span> <span class='ocrx_word' id='word_1_40' title='bbox 1647 1226 1688 1307; x_wconf 70' lang='lat' dir='ltr'>dt</span> <span class='ocrx_word' id='word_1_41' title='bbox 1713 1186 1770 1307; x_wconf 22' lang='lat' dir='ltr'>ea·</span> 
     </span>
    </p>
   </div>
   <div class='ocr_carea' id='block_1_5' title="bbox 6 1347 1796 3972">
    <p class='ocr_par' dir='ltr' id='par_1_5' title="bbox 6 1347 1796 3972">
     <span class='ocr_line' id='line_1_7' title="bbox 129 1347 1758 1448; baseline -0.002 -20"><span class='ocrx_word' id='word_1_42' title='bbox 129 1372 223 1448; x_wconf 86' lang='lat' dir='ltr'>quae</span> <span class='ocrx_word' id='word_1_43' title='bbox 261 1347 424 1426; x_wconf 80' lang='lat' dir='ltr'><strong>Salutem</strong></span> <span class='ocrx_word' id='word_1_44' title='bbox 462 1348 681 1426; x_wconf 83' lang='lat' dir='ltr'>Animarum</span> <span class='ocrx_word' id='word_1_45' title='bbox 712 1361 939 1427; x_wconf 85' lang='lat' dir='ltr'>concernunt</span> <span class='ocrx_word' id='word_1_46' title='bbox 980 1355 1017 1431; x_wconf 82' lang='lat' dir='ltr'>dr</span> <span class='ocrx_word' id='word_1_47' title='bbox 1049 1351 1174 1427; x_wconf 88' lang='lat' dir='ltr'>Diuiiii</span> <span class='ocrx_word' id='word_1_48' title='bbox 1203 1352 1334 1427; x_wconf 89' lang='lat' dir='ltr'>Cultus</span> <span class='ocrx_word' id='word_1_49' title='bbox 1375 1360 1612 1448; x_wconf 81' lang='lat' dir='ltr'>augmentum</span> <span class='ocrx_word' id='word_1_50' title='bbox 1647 1349 1758 1448; x_wconf 85' lang='lat' dir='ltr'>respi-</span> 
     </span>
     <span class='ocr_line' id='line_1_8' title="bbox 128 1468 1759 1571; baseline 0 -26"><span class='ocrx_word' id='word_1_51' title='bbox 128 1470 249 1557; x_wconf 90' lang='lat' dir='ltr'>ciunt,</span> <span class='ocrx_word' id='word_1_52' title='bbox 274 1480 314 1546; x_wconf 91' lang='lat' dir='ltr'>vt</span> <span class='ocrx_word' id='word_1_53' title='bbox 341 1468 507 1548; x_wconf 86' lang='lat' dir='ltr'>votiuum</span> <span class='ocrx_word' id='word_1_54' title='bbox 529 1468 792 1567; x_wconf 83' lang='lat' dir='ltr'>consequantur</span> <span class='ocrx_word' id='word_1_55' title='bbox 818 1469 1003 1558; x_wconf 72' lang='lat' dir='ltr'>effessum,</span> <span class='ocrx_word' id='word_1_56' title='bbox 1029 1472 1153 1548; x_wconf 86' lang='lat' dir='ltr'>fauore</span> <span class='ocrx_word' id='word_1_57' title='bbox 1176 1470 1339 1571; x_wconf 79' lang='lat' dir='ltr'>prosequi</span> <span class='ocrx_word' id='word_1_58' title='bbox 1361 1470 1525 1568; x_wconf 88' lang='lat' dir='ltr'>gratioso.</span> <span class='ocrx_word' id='word_1_59' title='bbox 1576 1470 1676 1547; x_wconf 86' lang='lat' dir='ltr'>Saiie</span> <span class='ocrx_word' id='word_1_60' title='bbox 1701 1468 1759 1546; x_wconf 84' lang='lat' dir='ltr'>di·</span> 
     </span>
     <span class='ocr_line' id='line_1_9' title="bbox 128 1587 1759 1688; baseline -0.001 -22"><span class='ocrx_word' id='word_1_61' title='bbox 128 1587 228 1676; x_wconf 75' lang='lat' dir='ltr'>letti,</span> <span class='ocrx_word' id='word_1_62' title='bbox 261 1588 364 1677; x_wconf 86' lang='lat' dir='ltr'><strong>Filii,</strong></span> <span class='ocrx_word' id='word_1_63' title='bbox 399 1590 525 1665; x_wconf 79' lang='lat' dir='ltr'>Nobilis</span> <span class='ocrx_word' id='word_1_64' title='bbox 560 1591 632 1665; x_wconf 85' lang='lat' dir='ltr'>Vari</span> <span class='ocrx_word' id='word_1_65' title='bbox 665 1596 789 1666; x_wconf 82' lang='lat' dir='ltr'>Albrrta&#39;</span> <span class='ocrx_word' id='word_1_66' title='bbox 823 1594 952 1665; x_wconf 67' lang='lat' dir='ltr'>&amp;mins</span> <span class='ocrx_word' id='word_1_67' title='bbox 983 1595 1018 1667; x_wconf 85' lang='lat' dir='ltr'>de</span> <span class='ocrx_word' id='word_1_68' title='bbox 1053 1593 1273 1688; x_wconf 80' lang='lat' dir='ltr'>Wirdrnbrrg,</span> <span class='ocrx_word' id='word_1_69' title='bbox 1317 1617 1354 1667; x_wconf 85' lang='lat' dir='ltr'>oc</span> <span class='ocrx_word' id='word_1_70' title='bbox 1387 1592 1517 1667; x_wconf 79' lang='lat' dir='ltr'>Domini</span> <span class='ocrx_word' id='word_1_71' title='bbox 1547 1590 1650 1682; x_wconf 73' lang='lat' dir='ltr'>Cosiri</span> <span class='ocrx_word' id='word_1_72' title='bbox 1673 1591 1759 1688; x_wconf 75' lang='lat' dir='ltr'>opici</span> 
     </span>
     <span class='ocr_line' id='line_1_10' title="bbox 128 1706 1758 1811; baseline 0.001 -24"><span class='ocrx_word' id='word_1_73' title='bbox 128 1706 272 1787; x_wconf 79' lang='lat' dir='ltr'>Maribam</span> <span class='ocrx_word' id='word_1_74' title='bbox 297 1711 462 1798; x_wconf 74' lang='lat' dir='ltr'>Smslnn,</span> <span class='ocrx_word' id='word_1_75' title='bbox 499 1708 780 1786; x_wconf 81' lang='lat' dir='ltr'>constantiensis</span> <span class='ocrx_word' id='word_1_76' title='bbox 806 1708 1008 1799; x_wconf 81' lang='lat' dir='ltr'>Dioecehs,</span> <span class='ocrx_word' id='word_1_77' title='bbox 1044 1711 1172 1811; x_wconf 88' lang='lat' dir='ltr'>petitio</span> <span class='ocrx_word' id='word_1_78' title='bbox 1196 1734 1309 1810; x_wconf 88' lang='lat' dir='ltr'>nuper</span> <span class='ocrx_word' id='word_1_79' title='bbox 1333 1712 1450 1789; x_wconf 92' lang='lat' dir='ltr'>Nobis</span> <span class='ocrx_word' id='word_1_80' title='bbox 1474 1708 1638 1788; x_wconf 83' lang='lat' dir='ltr'>exhibita</span> <span class='ocrx_word' id='word_1_81' title='bbox 1667 1734 1758 1788; x_wconf 92' lang='lat' dir='ltr'>con·</span> 
     </span>
     <span class='ocr_line' id='line_1_11' title="bbox 125 1827 1795 1931; baseline 0.001 -24"><span class='ocrx_word' id='word_1_82' title='bbox 125 1828 285 1916; x_wconf 78' lang='lat' dir='ltr'>nnebat,</span> <span class='ocrx_word' id='word_1_83' title='bbox 327 1829 426 1928; x_wconf 93' lang='lat' dir='ltr'>quod</span> <span class='ocrx_word' id='word_1_84' title='bbox 454 1829 594 1906; x_wconf 90' lang='lat' dir='ltr'>dudum</span> <span class='ocrx_word' id='word_1_85' title='bbox 622 1827 695 1927; x_wconf 91' lang='lat' dir='ltr'>ipse</span> <span class='ocrx_word' id='word_1_86' title='bbox 723 1832 770 1907; x_wconf 90' lang='lat' dir='ltr'>de</span> <span class='ocrx_word' id='word_1_87' title='bbox 803 1830 944 1930; x_wconf 88' lang='lat' dir='ltr'>propria</span> <span class='ocrx_word' id='word_1_88' title='bbox 970 1830 1081 1907; x_wconf 90' lang='lat' dir='ltr'>salute</span> <span class='ocrx_word' id='word_1_89' title='bbox 1102 1833 1325 1927; x_wconf 84' lang='lat' dir='ltr'>recogitans,</span> <span class='ocrx_word' id='word_1_90' title='bbox 1368 1854 1411 1906; x_wconf 91' lang='lat' dir='ltr'>ac</span> <span class='ocrx_word' id='word_1_91' title='bbox 1433 1832 1583 1926; x_wconf 89' lang='lat' dir='ltr'>cupiens</span> <span class='ocrx_word' id='word_1_92' title='bbox 1608 1842 1756 1908; x_wconf 87' lang='lat' dir='ltr'>terrena</span> <span class='ocrx_word' id='word_1_93' title='bbox 1784 1922 1795 1931; x_wconf 44' lang='lat'><em>,</em></span> 
     </span>
     <span class='ocr_line' id='line_1_12' title="bbox 125 1947 1755 2038; baseline 0.001 -11"><span class='ocrx_word' id='word_1_94' title='bbox 125 1948 167 2027; x_wconf 93' lang='lat' dir='ltr'>in</span> <span class='ocrx_word' id='word_1_95' title='bbox 194 1947 380 2038; x_wconf 84' lang='lat' dir='ltr'>coelestia,</span> <span class='ocrx_word' id='word_1_96' title='bbox 394 1948 443 2026; x_wconf 50' lang='lat'>2&amp;</span> <span class='ocrx_word' id='word_1_97' title='bbox 467 1948 668 2026; x_wconf 88' lang='lat' dir='ltr'>transitoria</span> <span class='ocrx_word' id='word_1_98' title='bbox 697 1949 737 2024; x_wconf 91' lang='lat' dir='ltr'>in</span> <span class='ocrx_word' id='word_1_99' title='bbox 770 1963 917 2028; x_wconf 90' lang='lat' dir='ltr'>aeterna</span> <span class='ocrx_word' id='word_1_100' title='bbox 939 1951 1037 2028; x_wconf 84' lang='lat' dir='ltr'>felici</span> <span class='ocrx_word' id='word_1_101' title='bbox 1062 1951 1293 2031; x_wconf 90' lang='lat' dir='ltr'>Commercio</span> <span class='ocrx_word' id='word_1_102' title='bbox 1319 1965 1563 2036; x_wconf 86' lang='lat' dir='ltr'>commutate,</span> <span class='ocrx_word' id='word_1_103' title='bbox 1588 1952 1636 2035; x_wconf 89' lang='lat' dir='ltr'>ad</span> <span class='ocrx_word' id='word_1_104' title='bbox 1657 1951 1755 2029; x_wconf 86' lang='lat' dir='ltr'>Laii·</span> 
     </span>
     <span class='ocr_line' id='line_1_13' title="bbox 125 2060 1754 2173; baseline 0.001 -26"><span class='ocrx_word' id='word_1_105' title='bbox 125 2070 214 2147; x_wconf 87' lang='lat' dir='ltr'>dein</span> <span class='ocrx_word' id='word_1_106' title='bbox 244 2071 283 2149; x_wconf 86' lang='lat' dir='ltr'>di</span> <span class='ocrx_word' id='word_1_107' title='bbox 298 2060 486 2148; x_wconf 85' lang='lat' dir='ltr'>Honorem</span> <span class='ocrx_word' id='word_1_108' title='bbox 511 2069 663 2147; x_wconf 91' lang='lat' dir='ltr'>Domini</span> <span class='ocrx_word' id='word_1_109' title='bbox 693 2071 812 2149; x_wconf 85' lang='lat' dir='ltr'>Nostri</span> <span class='ocrx_word' id='word_1_110' title='bbox 837 2072 919 2172; x_wconf 77' lang='lat' dir='ltr'>lesu</span> <span class='ocrx_word' id='word_1_111' title='bbox 941 2070 1071 2149; x_wconf 87' lang='lat' dir='ltr'>Christi</span> <span class='ocrx_word' id='word_1_112' title='bbox 1095 2074 1248 2173; x_wconf 84' lang='lat' dir='ltr'>ejusque</span> <span class='ocrx_word' id='word_1_113' title='bbox 1277 2071 1450 2168; x_wconf 85' lang='lat' dir='ltr'>gloriosae</span> <span class='ocrx_word' id='word_1_114' title='bbox 1476 2066 1606 2147; x_wconf 85' lang='lat' dir='ltr'>Matris</span> <span class='ocrx_word' id='word_1_115' title='bbox 1633 2071 1754 2169; x_wconf 88' lang='lat' dir='ltr'>Virgi-</span> 
     </span>
     <span class='ocr_line' id='line_1_14' title="bbox 124 2186 1754 2289; baseline 0.001 -20"><span class='ocrx_word' id='word_1_116' title='bbox 124 2190 184 2269; x_wconf 88' lang='lat' dir='ltr'>nis</span> <span class='ocrx_word' id='word_1_117' title='bbox 206 2189 362 2273; x_wconf 86' lang='lat' dir='ltr'>Mariae.</span> <span class='ocrx_word' id='word_1_118' title='bbox 390 2214 433 2269; x_wconf 90' lang='lat' dir='ltr'>ac</span> <span class='ocrx_word' id='word_1_119' title='bbox 462 2192 578 2268; x_wconf 83' lang='lat' dir='ltr'>totius</span> <span class='ocrx_word' id='word_1_120' title='bbox 602 2192 777 2271; x_wconf 84' lang='lat' dir='ltr'>Coelestis</span> <span class='ocrx_word' id='word_1_121' title='bbox 799 2193 954 2269; x_wconf 82' lang='lat' dir='ltr'>Militiae</span> <span class='ocrx_word' id='word_1_122' title='bbox 975 2193 1187 2277; x_wconf 79' lang='lat' dir='ltr'>Exercitus,</span> <span class='ocrx_word' id='word_1_123' title='bbox 1219 2186 1463 2289; x_wconf 83' lang='lat' dir='ltr'>parochialem</span> <span class='ocrx_word' id='word_1_124' title='bbox 1491 2190 1687 2269; x_wconf 75' lang='lat' dir='ltr'>Ecclesiam</span> <span class='ocrx_word' id='word_1_125' title='bbox 1714 2188 1754 2271; x_wconf 87' lang='lat' dir='ltr'>iii</span> 
     </span>
     <span class='ocr_line' id='line_1_15' title="bbox 127 2309 1754 2412; baseline 0.002 -26"><span class='ocrx_word' id='word_1_126' title='bbox 127 2313 374 2387; x_wconf 79' lang='lat' dir='ltr'>Rebtmbnoiiirii</span> <span class='ocrx_word' id='word_1_127' title='bbox 399 2309 515 2389; x_wconf 76' lang='lat' dir='ltr'>ditias</span> <span class='ocrx_word' id='word_1_128' title='bbox 538 2310 743 2403; x_wconf 88' lang='lat' dir='ltr'>Dioecesis,</span> <span class='ocrx_word' id='word_1_129' title='bbox 785 2337 881 2412; x_wconf 90' lang='lat' dir='ltr'>quae</span> <span class='ocrx_word' id='word_1_130' title='bbox 908 2314 1082 2390; x_wconf 81' lang='lat' dir='ltr'>liatlenus</span> <span class='ocrx_word' id='word_1_131' title='bbox 1109 2335 1170 2409; x_wconf 90' lang='lat' dir='ltr'>per</span> <span class='ocrx_word' id='word_1_132' title='bbox 1200 2334 1312 2390; x_wconf 82' lang='lat' dir='ltr'>inum</span> <span class='ocrx_word' id='word_1_133' title='bbox 1338 2312 1529 2390; x_wconf 79' lang='lat' dir='ltr'>Reslorem</span> <span class='ocrx_word' id='word_1_134' title='bbox 1560 2311 1754 2406; x_wconf 88' lang='lat' dir='ltr'>gubernari</span> 
     </span>
     <span class='ocr_line' id='line_1_16' title="bbox 125 2430 1753 2530; baseline 0.001 -21"><span class='ocrx_word' id='word_1_135' title='bbox 125 2430 330 2519; x_wconf 88' lang='lat' dir='ltr'>consueuit,</span> <span class='ocrx_word' id='word_1_136' title='bbox 351 2430 592 2527; x_wconf 81' lang='lat' dir='ltr'>collegiatam</span> <span class='ocrx_word' id='word_1_137' title='bbox 619 2433 812 2511; x_wconf 82' lang='lat' dir='ltr'>Ecclefiam</span> <span class='ocrx_word' id='word_1_138' title='bbox 834 2432 912 2512; x_wconf 87' lang='lat' dir='ltr'>sore</span> <span class='ocrx_word' id='word_1_139' title='bbox 933 2432 1155 2515; x_wconf 84' lang='lat' dir='ltr'>defiderans,</span> <span class='ocrx_word' id='word_1_140' title='bbox 1177 2455 1279 2517; x_wconf 88' lang='lat' dir='ltr'>eam,</span> <span class='ocrx_word' id='word_1_141' title='bbox 1303 2442 1480 2529; x_wconf 91' lang='lat' dir='ltr'>qnantum</span> <span class='ocrx_word' id='word_1_142' title='bbox 1505 2431 1544 2506; x_wconf 95' lang='lat' dir='ltr'>in</span> <span class='ocrx_word' id='word_1_143' title='bbox 1570 2430 1645 2530; x_wconf 92' lang='lat' dir='ltr'>ipso</span> <span class='ocrx_word' id='word_1_144' title='bbox 1670 2431 1753 2516; x_wconf 77' lang='lat' dir='ltr'>fulc</span> 
     </span>
     <span class='ocr_line' id='line_1_17' title="bbox 123 2550 1753 2653; baseline -0.002 -22"><span class='ocrx_word' id='word_1_145' title='bbox 123 2553 164 2631; x_wconf 90' lang='lat' dir='ltr'>in</span> <span class='ocrx_word' id='word_1_146' title='bbox 190 2550 430 2646; x_wconf 77' lang='lat' dir='ltr'>collegiatam</span> <span class='ocrx_word' id='word_1_147' title='bbox 454 2550 652 2631; x_wconf 82' lang='lat' dir='ltr'>Ecclesiam</span> <span class='ocrx_word' id='word_1_148' title='bbox 680 2555 813 2641; x_wconf 79' lang='lat' dir='ltr'>erexit,</span> <span class='ocrx_word' id='word_1_149' title='bbox 840 2575 883 2629; x_wconf 92' lang='lat' dir='ltr'>ac</span> <span class='ocrx_word' id='word_1_150' title='bbox 913 2575 977 2653; x_wconf 92' lang='lat' dir='ltr'>pro</span> <span class='ocrx_word' id='word_1_151' title='bbox 1000 2564 1156 2651; x_wconf 89' lang='lat' dir='ltr'>quatuor</span> <span class='ocrx_word' id='word_1_152' title='bbox 1176 2553 1336 2649; x_wconf 85' lang='lat' dir='ltr'>personis</span> <span class='ocrx_word' id='word_1_153' title='bbox 1361 2552 1522 2640; x_wconf 90' lang='lat' dir='ltr'>idoneis,</span> <span class='ocrx_word' id='word_1_154' title='bbox 1556 2552 1647 2629; x_wconf 87' lang='lat' dir='ltr'>inibi</span> <span class='ocrx_word' id='word_1_155' title='bbox 1675 2552 1753 2630; x_wconf 81' lang='lat' dir='ltr'>Do-</span> 
     </span>
     <span class='ocr_line' id='line_1_18' title="bbox 123 2670 1754 2774; baseline -0.001 -23"><span class='ocrx_word' id='word_1_156' title='bbox 123 2673 226 2751; x_wconf 92' lang='lat' dir='ltr'>mino</span> <span class='ocrx_word' id='word_1_157' title='bbox 251 2682 424 2773; x_wconf 87' lang='lat' dir='ltr'>perpetuo</span> <span class='ocrx_word' id='word_1_158' title='bbox 456 2671 658 2763; x_wconf 73' lang='lat' dir='ltr'>seruitutis,</span> <span class='ocrx_word' id='word_1_159' title='bbox 697 2698 849 2774; x_wconf 90' lang='lat' dir='ltr'>quarum</span> <span class='ocrx_word' id='word_1_160' title='bbox 875 2696 946 2751; x_wconf 83' lang='lat' dir='ltr'>vna</span> <span class='ocrx_word' id='word_1_161' title='bbox 976 2670 1189 2768; x_wconf 71' lang='lat' dir='ltr'>Propositus,</span> <span class='ocrx_word' id='word_1_162' title='bbox 1231 2671 1391 2749; x_wconf 87' lang='lat' dir='ltr'>&amp;aliae</span> <span class='ocrx_word' id='word_1_163' title='bbox 1423 2686 1498 2749; x_wconf 90' lang='lat' dir='ltr'>ties</span> <span class='ocrx_word' id='word_1_164' title='bbox 1527 2674 1673 2750; x_wconf 63' lang='lat' dir='ltr'>&amp;amm</span> <span class='ocrx_word' id='word_1_165' title='bbox 1695 2674 1754 2750; x_wconf 89' lang='lat' dir='ltr'>di·</span> 
     </span>
     <span class='ocr_line' id='line_1_19' title="bbox 66 2791 1754 2893; baseline -0.001 -20"><span class='ocrx_word' id='word_1_166' title='bbox 66 2796 69 2801; x_wconf 83' lang='grc'><strong>’</strong></span> <span class='ocrx_word' id='word_1_167' title='bbox 125 2796 201 2873; x_wconf 77' lang='lat' dir='ltr'>tiae</span> <span class='ocrx_word' id='word_1_168' title='bbox 225 2791 404 2869; x_wconf 86' lang='lat' dir='ltr'>Ecclesiae</span> <span class='ocrx_word' id='word_1_169' title='bbox 433 2793 572 2881; x_wconf 85' lang='lat' dir='ltr'>forent,</span> <span class='ocrx_word' id='word_1_170' title='bbox 601 2800 771 2893; x_wconf 73' lang='lat' dir='ltr'>Capitulum</span> <span class='ocrx_word' id='word_1_171' title='bbox 784 2795 952 2890; x_wconf 86' lang='lat' dir='ltr'>ejusdem</span> <span class='ocrx_word' id='word_1_172' title='bbox 967 2791 1146 2867; x_wconf 85' lang='lat' dir='ltr'>Ecclesiae</span> <span class='ocrx_word' id='word_1_173' title='bbox 1166 2792 1365 2874; x_wconf 83' lang='lat' dir='ltr'>iacientes.</span> <span class='ocrx_word' id='word_1_174' title='bbox 1392 2792 1454 2890; x_wconf 91' lang='lat' dir='ltr'>qui</span> <span class='ocrx_word' id='word_1_175' title='bbox 1477 2792 1626 2891; x_wconf 89' lang='lat' dir='ltr'>quidem</span> <span class='ocrx_word' id='word_1_176' title='bbox 1642 2794 1754 2871; x_wconf 83' lang='lat' dir='ltr'>Prae·</span> 
     </span>
     <span class='ocr_line' id='line_1_20' title="bbox 123 2908 1751 3013; baseline 0.001 -24"><span class='ocrx_word' id='word_1_177' title='bbox 123 2912 258 3013; x_wconf 87' lang='lat' dir='ltr'>positus</span> <span class='ocrx_word' id='word_1_178' title='bbox 282 2935 389 2990; x_wconf 81' lang='lat' dir='ltr'>rarum</span> <span class='ocrx_word' id='word_1_179' title='bbox 406 2908 661 3011; x_wconf 76' lang='lat' dir='ltr'>pnocbimonoii</span> <span class='ocrx_word' id='word_1_180' title='bbox 687 2915 802 2993; x_wconf 82' lang='lat' dir='ltr'>dislae</span> <span class='ocrx_word' id='word_1_181' title='bbox 820 2910 999 2990; x_wconf 79' lang='lat' dir='ltr'>Ecclesiae</span> <span class='ocrx_word' id='word_1_182' title='bbox 1022 2933 1148 3007; x_wconf 85' lang='lat' dir='ltr'>gerere</span> <span class='ocrx_word' id='word_1_183' title='bbox 1173 2913 1212 2990; x_wconf 84' lang='lat' dir='ltr'>di</span> <span class='ocrx_word' id='word_1_184' title='bbox 1236 2935 1404 2989; x_wconf 85' lang='lat' dir='ltr'>exercere</span> <span class='ocrx_word' id='word_1_185' title='bbox 1427 2913 1599 2995; x_wconf 86' lang='lat' dir='ltr'>deberet,</span> <span class='ocrx_word' id='word_1_186' title='bbox 1623 2913 1665 2990; x_wconf 74' lang='grc' dir='ltr'>ἀ</span> <span class='ocrx_word' id='word_1_187' title='bbox 1689 2915 1751 3003; x_wconf 53' lang='lat' dir='ltr'>boe</span> 
     </span>
     <span class='ocr_line' id='line_1_21' title="bbox 123 3029 1747 3119; baseline 0 -8"><span class='ocrx_word' id='word_1_188' title='bbox 123 3034 182 3111; x_wconf 89' lang='lat' dir='ltr'>nis</span> <span class='ocrx_word' id='word_1_189' title='bbox 201 3031 303 3109; x_wconf 82' lang='lat' dir='ltr'>libia</span> <span class='ocrx_word' id='word_1_190' title='bbox 320 3031 403 3109; x_wconf 87' lang='lat' dir='ltr'>Deo</span> <span class='ocrx_word' id='word_1_191' title='bbox 424 3030 565 3109; x_wconf 88' lang='lat' dir='ltr'>collatis</span> <span class='ocrx_word' id='word_1_192' title='bbox 592 3034 807 3110; x_wconf 84' lang='lat' dir='ltr'>sufficienter</span> <span class='ocrx_word' id='word_1_193' title='bbox 828 3031 990 3119; x_wconf 89' lang='lat' dir='ltr'>dotauit,</span> <span class='ocrx_word' id='word_1_194' title='bbox 1024 3030 1063 3108; x_wconf 79' lang='grc' dir='ltr'>δι</span> <span class='ocrx_word' id='word_1_195' title='bbox 1081 3029 1320 3108; x_wconf 85' lang='lat' dir='ltr'>nihilominus</span> <span class='ocrx_word' id='word_1_196' title='bbox 1340 3056 1414 3108; x_wconf 93' lang='lat' dir='ltr'>non</span> <span class='ocrx_word' id='word_1_197' title='bbox 1435 3030 1533 3108; x_wconf 92' lang='lat' dir='ltr'>nulla</span> <span class='ocrx_word' id='word_1_198' title='bbox 1554 3031 1747 3113; x_wconf 76' lang='lat' dir='ltr'>laudabilia</span> 
     </span>
     <span class='ocr_line' id='line_1_22' title="bbox 124 3148 1748 3251; baseline 0.001 -20"><span class='ocrx_word' id='word_1_199' title='bbox 124 3154 257 3231; x_wconf 78' lang='lat' dir='ltr'>statuta</span> <span class='ocrx_word' id='word_1_200' title='bbox 282 3154 321 3233; x_wconf 75' lang='lat' dir='ltr'>bt</span> <span class='ocrx_word' id='word_1_201' title='bbox 345 3150 620 3242; x_wconf 84' lang='lat' dir='ltr'>Ordinationes,</span> <span class='ocrx_word' id='word_1_202' title='bbox 644 3176 709 3251; x_wconf 88' lang='lat' dir='ltr'>per</span> <span class='ocrx_word' id='word_1_203' title='bbox 731 3153 973 3251; x_wconf 84' lang='lat' dir='ltr'>Praepositum</span> <span class='ocrx_word' id='word_1_204' title='bbox 993 3154 1032 3229; x_wconf 81' lang='lat' dir='ltr'>dc</span> <span class='ocrx_word' id='word_1_205' title='bbox 1054 3148 1286 3235; x_wconf 89' lang='lat' dir='ltr'>Canonicos,</span> <span class='ocrx_word' id='word_1_206' title='bbox 1310 3150 1350 3228; x_wconf 83' lang='lat' dir='ltr'>dt</span> <span class='ocrx_word' id='word_1_207' title='bbox 1376 3150 1587 3248; x_wconf 89' lang='lat' dir='ltr'>Capitulum</span> <span class='ocrx_word' id='word_1_208' title='bbox 1604 3153 1748 3250; x_wconf 85' lang='lat' dir='ltr'>praedi·</span> 
     </span>
     <span class='ocr_line' id='line_1_23' title="bbox 123 3267 1752 3371; baseline 0.001 -18"><span class='ocrx_word' id='word_1_209' title='bbox 123 3274 200 3353; x_wconf 75' lang='lat' dir='ltr'>sios</span> <span class='ocrx_word' id='word_1_210' title='bbox 229 3270 413 3371; x_wconf 87' lang='lat' dir='ltr'>perpetuis</span> <span class='ocrx_word' id='word_1_211' title='bbox 434 3270 565 3348; x_wconf 89' lang='lat' dir='ltr'>suturis</span> <span class='ocrx_word' id='word_1_212' title='bbox 585 3273 805 3369; x_wconf 86' lang='lat' dir='ltr'>temporibus</span> <span class='ocrx_word' id='word_1_213' title='bbox 821 3272 859 3348; x_wconf 91' lang='lat' dir='ltr'>in</span> <span class='ocrx_word' id='word_1_214' title='bbox 883 3272 1013 3347; x_wconf 88' lang='lat' dir='ltr'>eadem</span> <span class='ocrx_word' id='word_1_215' title='bbox 1028 3267 1187 3345; x_wconf 84' lang='lat' dir='ltr'>Ecclesia</span> <span class='ocrx_word' id='word_1_216' title='bbox 1206 3270 1427 3347; x_wconf 88' lang='lat' dir='ltr'>obseruanda</span> <span class='ocrx_word' id='word_1_217' title='bbox 1445 3270 1553 3350; x_wconf 82' lang='lat' dir='ltr'>fecit,</span> <span class='ocrx_word' id='word_1_218' title='bbox 1577 3295 1621 3348; x_wconf 88' lang='lat' dir='ltr'>ac</span> <span class='ocrx_word' id='word_1_219' title='bbox 1634 3275 1752 3355; x_wconf 84' lang='lat' dir='ltr'>etiarn</span> 
     </span>
     <span class='ocr_line' id='line_1_24' title="bbox 123 3388 1756 3491; baseline 0 -21"><span class='ocrx_word' id='word_1_220' title='bbox 123 3388 322 3470; x_wconf 88' lang='lat' dir='ltr'>ordinauit.</span> <span class='ocrx_word' id='word_1_221' title='bbox 392 3391 513 3476; x_wconf 88' lang='lat' dir='ltr'>Quare</span> <span class='ocrx_word' id='word_1_222' title='bbox 540 3414 606 3488; x_wconf 90' lang='lat' dir='ltr'>pro</span> <span class='ocrx_word' id='word_1_223' title='bbox 633 3408 734 3489; x_wconf 87' lang='lat' dir='ltr'>parte</span> <span class='ocrx_word' id='word_1_224' title='bbox 757 3392 842 3471; x_wconf 76' lang='lat' dir='ltr'>disti</span> <span class='ocrx_word' id='word_1_225' title='bbox 866 3389 1024 3467; x_wconf 87' lang='lat' dir='ltr'>Comitis</span> <span class='ocrx_word' id='word_1_226' title='bbox 1044 3388 1162 3464; x_wconf 88' lang='lat' dir='ltr'>Nobis</span> <span class='ocrx_word' id='word_1_227' title='bbox 1187 3389 1259 3465; x_wconf 89' lang='lat' dir='ltr'>fuit</span> <span class='ocrx_word' id='word_1_228' title='bbox 1281 3388 1468 3467; x_wconf 87' lang='lat' dir='ltr'>humiliter</span> <span class='ocrx_word' id='word_1_229' title='bbox 1489 3390 1756 3491; x_wconf 86' lang='lat' dir='ltr'>supplicatum,</span> 
     </span>
     <span class='ocr_line' id='line_1_25' title="bbox 121 3506 1751 3615; baseline 0.001 -24"><span class='ocrx_word' id='word_1_230' title='bbox 121 3525 164 3592; x_wconf 87' lang='lat' dir='ltr'>vt</span> <span class='ocrx_word' id='word_1_231' title='bbox 188 3535 272 3588; x_wconf 91' lang='lat' dir='ltr'>cuni</span> <span class='ocrx_word' id='word_1_232' title='bbox 296 3511 335 3586; x_wconf 94' lang='lat' dir='ltr'>in</span> <span class='ocrx_word' id='word_1_233' title='bbox 362 3508 556 3607; x_wconf 88' lang='lat' dir='ltr'>praemissis</span> <span class='ocrx_word' id='word_1_234' title='bbox 579 3511 761 3588; x_wconf 89' lang='lat' dir='ltr'>Ordinarii</span> <span class='ocrx_word' id='word_1_235' title='bbox 785 3510 895 3600; x_wconf 91' lang='lat' dir='ltr'>Loci,</span> <span class='ocrx_word' id='word_1_236' title='bbox 918 3508 977 3588; x_wconf 79' lang='lat' dir='ltr'>sel</span> <span class='ocrx_word' id='word_1_237' title='bbox 999 3506 1153 3598; x_wconf 83' lang='lat' dir='ltr'>alicujus</span> <span class='ocrx_word' id='word_1_238' title='bbox 1184 3507 1333 3615; x_wconf 84' lang='lat' dir='ltr'>alterius</span> <span class='ocrx_word' id='word_1_239' title='bbox 1361 3509 1410 3585; x_wconf 87' lang='lat' dir='ltr'>ad</span> <span class='ocrx_word' id='word_1_240' title='bbox 1434 3506 1507 3586; x_wconf 87' lang='lat' dir='ltr'>hoc</span> <span class='ocrx_word' id='word_1_241' title='bbox 1529 3511 1751 3610; x_wconf 82' lang='lat' dir='ltr'>potestatem</span> 
     </span>
     <span class='ocr_line' id='line_1_26' title="bbox 6 3622 1796 3733; baseline 0.002 -24"><span class='ocrx_word' id='word_1_242' title='bbox 6 3690 10 3697; x_wconf 82' lang='lat'><em>.</em></span> <span class='ocrx_word' id='word_1_243' title='bbox 120 3631 309 3719; x_wconf 88' lang='lat' dir='ltr'>habentis,</span> <span class='ocrx_word' id='word_1_244' title='bbox 362 3629 572 3708; x_wconf 74' lang='lat' dir='ltr'>Austoritas</span> <span class='ocrx_word' id='word_1_245' title='bbox 609 3654 683 3706; x_wconf 95' lang='lat' dir='ltr'>non</span> <span class='ocrx_word' id='word_1_246' title='bbox 726 3627 979 3715; x_wconf 88' lang='lat' dir='ltr'>interuenerit,</span> <span class='ocrx_word' id='word_1_247' title='bbox 1034 3627 1094 3703; x_wconf 86' lang='lat' dir='ltr'>seu</span> <span class='ocrx_word' id='word_1_248' title='bbox 1131 3626 1350 3716; x_wconf 88' lang='lat' dir='ltr'>Consensos,</span> <span class='ocrx_word' id='word_1_249' title='bbox 1402 3626 1596 3717; x_wconf 86' lang='lat' dir='ltr'>Ecclesiam</span> <span class='ocrx_word' id='word_1_250' title='bbox 1634 3622 1753 3733; x_wconf 85' lang='lat' dir='ltr'>ipsam</span> <span class='ocrx_word' id='word_1_251' title='bbox 1791 3716 1796 3725; x_wconf 69' lang='grc'>,</span> 
     </span>
     <span class='ocr_line' id='line_1_27' title="bbox 120 3744 1753 3850; baseline 0.002 -20"><span class='ocrx_word' id='word_1_252' title='bbox 120 3751 363 3846; x_wconf 90' lang='lat' dir='ltr'>Collegiatam</span> <span class='ocrx_word' id='word_1_253' title='bbox 396 3753 443 3829; x_wconf 84' lang='lat' dir='ltr'>de</span> <span class='ocrx_word' id='word_1_254' title='bbox 472 3774 570 3825; x_wconf 93' lang='lat' dir='ltr'>nouo</span> <span class='ocrx_word' id='word_1_255' title='bbox 602 3751 756 3847; x_wconf 89' lang='lat' dir='ltr'>erigere,</span> <span class='ocrx_word' id='word_1_256' title='bbox 800 3768 870 3825; x_wconf 85' lang='lat' dir='ltr'>nec</span> <span class='ocrx_word' id='word_1_257' title='bbox 898 3770 973 3825; x_wconf 93' lang='lat' dir='ltr'>non</span> <span class='ocrx_word' id='word_1_258' title='bbox 1007 3744 1220 3840; x_wconf 86' lang='lat' dir='ltr'>hujusmodi</span> <span class='ocrx_word' id='word_1_259' title='bbox 1251 3746 1445 3829; x_wconf 75' lang='lat' dir='ltr'>dotadoni</span> <span class='ocrx_word' id='word_1_260' title='bbox 1459 3750 1499 3828; x_wconf 77' lang='lat' dir='ltr'>tr</span> <span class='ocrx_word' id='word_1_261' title='bbox 1525 3749 1607 3827; x_wconf 88' lang='lat' dir='ltr'>aliis</span> <span class='ocrx_word' id='word_1_262' title='bbox 1643 3775 1753 3850; x_wconf 85' lang='lat' dir='ltr'>prae·</span> 
     </span>
     <span class='ocr_line' id='line_1_28' title="bbox 118 3864 1768 3972; baseline 0.001 -22"><span class='ocrx_word' id='word_1_263' title='bbox 118 3872 230 3952; x_wconf 89' lang='lat' dir='ltr'>millis</span> <span class='ocrx_word' id='word_1_264' title='bbox 260 3871 369 3949; x_wconf 90' lang='lat' dir='ltr'>robur</span> <span class='ocrx_word' id='word_1_265' title='bbox 401 3868 629 3972; x_wconf 70' lang='lat' dir='ltr'>[spostolicae</span> <span class='ocrx_word' id='word_1_266' title='bbox 659 3868 958 3949; x_wconf 79' lang='lat' dir='ltr'>confirmationis</span> <span class='ocrx_word' id='word_1_267' title='bbox 990 3864 1166 3954; x_wconf 87' lang='lat' dir='ltr'>adiicere,</span> <span class='ocrx_word' id='word_1_268' title='bbox 1205 3867 1253 3943; x_wconf 94' lang='lat' dir='ltr'>de</span> <span class='ocrx_word' id='word_1_269' title='bbox 1285 3864 1490 3967; x_wconf 77' lang='lat' dir='ltr'>Apostolica</span> <span class='ocrx_word' id='word_1_270' title='bbox 1522 3868 1768 3969; x_wconf 80' lang='lat' dir='ltr'>banignitate-</span> 
     </span>
    </p>
   </div>
   <div class='ocr_carea' id='block_1_6' title="bbox 120 3993 364 4093">
    <p class='ocr_par' dir='ltr' id='par_1_6' title="bbox 120 3993 364 4093">
     <span class='ocr_line' id='line_1_29' title="bbox 120 3993 364 4093; baseline -0.013 -21"><span class='ocrx_word' id='word_1_271' title='bbox 120 3993 364 4093; x_wconf 90' lang='lat' dir='ltr'>dignaremur.</span> 
     </span>
    </p>
   </div>
   <div class='ocr_carea' id='block_1_7' title="bbox 117 4168 1796 4821">
    <p class='ocr_par' dir='ltr' id='par_1_7' title="bbox 117 4168 1753 4689">
     <span class='ocr_line' id='line_1_30' title="bbox 214 4168 1753 4333; baseline -0.002 -21"><span class='ocrx_word' id='word_1_272' title='bbox 214 4234 293 4312; x_wconf 89' lang='lat' dir='ltr'>Nos</span> <span class='ocrx_word' id='word_1_273' title='bbox 319 4230 449 4329; x_wconf 86' lang='lat' dir='ltr'>igitur,</span> <span class='ocrx_word' id='word_1_274' title='bbox 471 4230 534 4333; x_wconf 91' lang='lat' dir='ltr'>qui</span> <span class='ocrx_word' id='word_1_275' title='bbox 564 4229 741 4308; x_wconf 87' lang='lat' dir='ltr'>Diuinum</span> <span class='ocrx_word' id='word_1_276' title='bbox 768 4228 906 4306; x_wconf 89' lang='lat' dir='ltr'>cultum</span> <span class='ocrx_word' id='word_1_277' title='bbox 935 4226 1065 4304; x_wconf 89' lang='lat' dir='ltr'>nostris</span> <span class='ocrx_word' id='word_1_278' title='bbox 1085 4223 1310 4324; x_wconf 88' lang='lat' dir='ltr'>temporibus</span> <span class='ocrx_word' id='word_1_279' title='bbox 1331 4226 1453 4322; x_wconf 89' lang='lat' dir='ltr'>augeri</span> <span class='ocrx_word' id='word_1_280' title='bbox 1478 4210 1628 4307; x_wconf 81' lang='lat' dir='ltr'>intense</span> <span class='ocrx_word' id='word_1_281' title='bbox 1654 4168 1753 4309; x_wconf 71' lang='lat' dir='ltr'>deb·</span> 
     </span>
     <span class='ocr_line' id='line_1_31' title="bbox 120 4346 1752 4448; baseline -0.003 -17"><span class='ocrx_word' id='word_1_282' title='bbox 120 4352 231 4431; x_wconf 91' lang='lat' dir='ltr'>deriis</span> <span class='ocrx_word' id='word_1_283' title='bbox 254 4351 480 4436; x_wconf 77' lang='lat' dir='ltr'>allestamus.</span> <span class='ocrx_word' id='word_1_284' title='bbox 520 4347 732 4448; x_wconf 89' lang='lat' dir='ltr'>hujusmodi</span> <span class='ocrx_word' id='word_1_285' title='bbox 767 4347 867 4447; x_wconf 91' lang='lat' dir='ltr'>pium</span> <span class='ocrx_word' id='word_1_286' title='bbox 899 4347 1067 4444; x_wconf 81' lang='lat' dir='ltr'>Opus&amp;</span> <span class='ocrx_word' id='word_1_287' title='bbox 1098 4347 1326 4424; x_wconf 89' lang='lat' dir='ltr'>meritorium</span> <span class='ocrx_word' id='word_1_288' title='bbox 1349 4346 1445 4444; x_wconf 91' lang='lat' dir='ltr'>apud</span> <span class='ocrx_word' id='word_1_289' title='bbox 1469 4346 1591 4427; x_wconf 87' lang='lat' dir='ltr'>Deum</span> <span class='ocrx_word' id='word_1_290' title='bbox 1623 4351 1752 4448; x_wconf 80' lang='lat' dir='ltr'>dignis</span> 
     </span>
     <span class='ocr_line' id='line_1_32' title="bbox 117 4465 1749 4568; baseline -0.001 -19"><span class='ocrx_word' id='word_1_291' title='bbox 117 4472 336 4550; x_wconf 84' lang='lat' dir='ltr'>laudibus</span> <span class='ocrx_word' id='word_1_292' title='bbox 324 4495 363 4548; x_wconf 90' lang='lat' dir='ltr'>iii</span> <span class='ocrx_word' id='word_1_293' title='bbox 386 4471 547 4547; x_wconf 91' lang='lat' dir='ltr'>Domino</span> <span class='ocrx_word' id='word_1_294' title='bbox 581 4467 883 4545; x_wconf 83' lang='lat' dir='ltr'>commendantes</span> <span class='ocrx_word' id='word_1_295' title='bbox 918 4489 961 4542; x_wconf 91' lang='lat' dir='ltr'>ac</span> <span class='ocrx_word' id='word_1_296' title='bbox 996 4467 1126 4543; x_wconf 85' lang='lat' dir='ltr'>ilatum</span> <span class='ocrx_word' id='word_1_297' title='bbox 1160 4465 1200 4543; x_wconf 84' lang='lat' dir='ltr'>bt</span> <span class='ocrx_word' id='word_1_298' title='bbox 1236 4473 1402 4543; x_wconf 87' lang='lat' dir='ltr'>tenorem</span> <span class='ocrx_word' id='word_1_299' title='bbox 1438 4468 1605 4546; x_wconf 89' lang='lat' dir='ltr'>omniurn</span> <span class='ocrx_word' id='word_1_300' title='bbox 1643 4493 1749 4568; x_wconf 87' lang='lat' dir='ltr'>prae·</span> 
     </span>
     <span class='ocr_line' id='line_1_33' title="bbox 118 4584 1748 4722; baseline -0.005 -47"><span class='ocrx_word' id='word_1_301' title='bbox 118 4593 301 4675; x_wconf 78' lang='lat' dir='ltr'>missorum</span> <span class='ocrx_word' id='word_1_302' title='bbox 325 4591 504 4671; x_wconf 82' lang='lat' dir='ltr'>habentes</span> <span class='ocrx_word' id='word_1_303' title='bbox 526 4589 772 4722; x_wconf 79' lang='lat' dir='ltr'>praesentibus</span> <span class='ocrx_word' id='word_1_304' title='bbox 797 4611 862 4689; x_wconf 93' lang='lat' dir='ltr'>pro</span> <span class='ocrx_word' id='word_1_305' title='bbox 887 4586 1082 4685; x_wconf 64' lang='lat' dir='ltr'>expressis,</span> <span class='ocrx_word' id='word_1_306' title='bbox 1111 4584 1324 4683; x_wconf 83' lang='lat' dir='ltr'>hujusmodi</span> <span class='ocrx_word' id='word_1_307' title='bbox 1342 4585 1702 4685; x_wconf 87' lang='lat' dir='ltr'>supplicationibus</span> <span class='ocrx_word' id='word_1_308' title='bbox 1689 4613 1748 4667; x_wconf 89' lang='lat' dir='ltr'>iri·</span> 
     </span>
    </p>

    <p class='ocr_par' dir='ltr' id='par_1_8' title="bbox 1476 4706 1796 4821">
     <span class='ocr_line' id='line_1_34' title="bbox 1476 4706 1796 4821; baseline -0.011 -29"><span class='ocrx_word' id='word_1_309' title='bbox 1476 4728 1486 4741; x_wconf 84' lang='lat'><strong>·</strong></span> <span class='ocrx_word' id='word_1_310' title='bbox 1607 4706 1796 4821; x_wconf 65' lang='lat' dir='ltr'>thaath</span> 
     </span>
    </p>
   </div>
   <div class='ocr_carea' id='block_1_8' title="bbox 0 0 1872 5160">
    <p class='ocr_par' dir='ltr' id='par_1_9' title="bbox 0 0 1872 5160">
     <span class='ocr_line' id='line_1_35' title="bbox 0 0 1872 5160; baseline 0 5"><span class='ocrx_word' id='word_1_311' title='bbox 0 0 1872 5160; x_wconf 95' lang='lat' dir='ltr'> </span> 
     </span>
    </p>
   </div>
  </div>
 </body>
</html>
