<?xml version="1.0" encoding="UTF-8"?>
<!DOCTYPE html PUBLIC "-//W3C//DTD XHTML 1.0 Transitional//EN"
    "http://www.w3.org/TR/xhtml1/DTD/xhtml1-transitional.dtd">
<html xmlns="http://www.w3.org/1999/xhtml" xml:lang="en" lang="en">
 <head>
  <title>
</title>
<meta http-equiv="Content-Type" content="text/html;charset=utf-8" />
  <meta name='ocr-system' content='tesseract 3.04.00' />
  <meta name='ocr-capabilities' content='ocr_page ocr_carea ocr_par ocr_line ocrx_word'/>
</head>
<body>
  <div class='ocr_page' id='page_1' title='image "./prodromusmonume01hessgoog_0060.png"; bbox 0 0 3736 5160; ppageno 0'>
   <div class='ocr_carea' id='block_1_1' title="bbox 113 178 1772 616">
    <p class='ocr_par' dir='ltr' id='par_1_1' title="bbox 113 178 1772 616">
     <span class='ocr_line' id='line_1_1' title="bbox 730 178 1746 301; baseline 0.003 -4"><span class='ocrx_word' id='word_1_1' title='bbox 730 203 1192 301; x_wconf 52' lang='lat' dir='ltr'>ammae</span> <span class='ocrx_word' id='word_1_2' title='bbox 1359 210 1370 225; x_wconf 76' lang='grc'><strong><em>’</em></strong></span> <span class='ocrx_word' id='word_1_3' title='bbox 1545 178 1560 195; x_wconf 84' lang='grc'>”</span> <span class='ocrx_word' id='word_1_4' title='bbox 1700 223 1746 300; x_wconf 83' lang='lat'>41</span> 
     </span>
     <span class='ocr_line' id='line_1_2' title="bbox 114 330 1772 481; baseline -0.004 -18"><span class='ocrx_word' id='word_1_5' title='bbox 114 330 358 463; x_wconf 69' lang='lat' dir='ltr'>mesenatae</span> <span class='ocrx_word' id='word_1_6' title='bbox 382 380 422 456; x_wconf 79' lang='lat' dir='ltr'>n</span> <span class='ocrx_word' id='word_1_7' title='bbox 455 376 606 479; x_wconf 82' lang='lat' dir='ltr'>antiquo</span> <span class='ocrx_word' id='word_1_8' title='bbox 630 381 711 458; x_wconf 83' lang='lat' dir='ltr'>ns.</span> <span class='ocrx_word' id='word_1_9' title='bbox 738 380 1022 480; x_wconf 60' lang='lat' dir='ltr'>erogatorum</span> <span class='ocrx_word' id='word_1_10' title='bbox 1048 384 1139 465; x_wconf 75' lang='lat' dir='ltr'>nno</span> <span class='ocrx_word' id='word_1_11' title='bbox 1171 382 1267 462; x_wconf 68' lang='lat' dir='ltr'>nter</span> <span class='ocrx_word' id='word_1_12' title='bbox 1291 381 1468 460; x_wconf 75' lang='lat' dir='ltr'>crenorn</span> <span class='ocrx_word' id='word_1_13' title='bbox 1489 377 1658 481; x_wconf 71' lang='lat' dir='ltr'>reporto,</span> <span class='ocrx_word' id='word_1_14' title='bbox 1687 379 1772 460; x_wconf 34' lang='lat' dir='ltr'>rior·</span> 
     </span>
     <span class='ocr_line' id='line_1_3' title="bbox 113 500 1749 616; baseline -0.002 -35"><span class='ocrx_word' id='word_1_15' title='bbox 113 508 234 583; x_wconf 84' lang='lat' dir='ltr'>etiam</span> <span class='ocrx_word' id='word_1_16' title='bbox 261 500 454 602; x_wconf 79' lang='lat' dir='ltr'>Reliquiae</span> <span class='ocrx_word' id='word_1_17' title='bbox 478 513 755 588; x_wconf 84' lang='lat' dir='ltr'>enumerantur,</span> <span class='ocrx_word' id='word_1_18' title='bbox 795 503 948 602; x_wconf 85' lang='lat' dir='ltr'>quaein</span> <span class='ocrx_word' id='word_1_19' title='bbox 983 502 1143 616; x_wconf 60' lang='lat' dir='ltr'>singuiir</span> <span class='ocrx_word' id='word_1_20' title='bbox 1155 506 1413 582; x_wconf 86' lang='lat' dir='ltr'>contineantur</span> <span class='ocrx_word' id='word_1_21' title='bbox 1437 502 1634 581; x_wconf 78' lang='lat' dir='ltr'>altaribus.</span> <span class='ocrx_word' id='word_1_22' title='bbox 1709 501 1749 578; x_wconf 90' lang='lat' dir='ltr'>In</span> 
     </span>
    </p>
   </div>
   <div class='ocr_carea' id='block_1_2' title="bbox 114 620 1748 845">
    <p class='ocr_par' dir='ltr' id='par_1_2' title="bbox 114 620 1748 845">
     <span class='ocr_line' id='line_1_4' title="bbox 114 620 1748 724; baseline -0.001 -25"><span class='ocrx_word' id='word_1_23' title='bbox 114 628 339 707; x_wconf 77' lang='lat' dir='ltr'>hortamen</span> <span class='ocrx_word' id='word_1_24' title='bbox 357 620 642 718; x_wconf 82' lang='lat' dir='ltr'>Euangeliorum</span> <span class='ocrx_word' id='word_1_25' title='bbox 662 620 754 699; x_wconf 85' lang='lat' dir='ltr'>libro</span> <span class='ocrx_word' id='word_1_26' title='bbox 778 622 909 701; x_wconf 86' lang='lat' dir='ltr'>Annus</span> <span class='ocrx_word' id='word_1_27' title='bbox 930 624 1077 724; x_wconf 88' lang='lat' dir='ltr'>ponitur</span> <span class='ocrx_word' id='word_1_28' title='bbox 1114 640 1216 721; x_wconf 84' lang='lat'>1183.</span> <span class='ocrx_word' id='word_1_29' title='bbox 1276 623 1409 702; x_wconf 86' lang='lat' dir='ltr'>Cetera</span> <span class='ocrx_word' id='word_1_30' title='bbox 1430 624 1670 713; x_wconf 84' lang='lat' dir='ltr'>concordant,</span> <span class='ocrx_word' id='word_1_31' title='bbox 1700 646 1748 698; x_wconf 90' lang='lat' dir='ltr'>ao</span> 
     </span>
     <span class='ocr_line' id='line_1_5' title="bbox 116 741 1304 845; baseline -0.003 -18"><span class='ocrx_word' id='word_1_32' title='bbox 116 747 184 827; x_wconf 76' lang='lat' dir='ltr'>hic</span> <span class='ocrx_word' id='word_1_33' title='bbox 208 744 266 825; x_wconf 82' lang='lat' dir='ltr'>vel</span> <span class='ocrx_word' id='word_1_34' title='bbox 284 741 391 821; x_wconf 86' lang='lat' dir='ltr'>isthic</span> <span class='ocrx_word' id='word_1_35' title='bbox 414 741 527 820; x_wconf 88' lang='lat' dir='ltr'>scriba</span> <span class='ocrx_word' id='word_1_36' title='bbox 549 743 743 831; x_wconf 87' lang='lat' dir='ltr'>errauerit,</span> <span class='ocrx_word' id='word_1_37' title='bbox 768 743 858 821; x_wconf 87' lang='lat' dir='ltr'>haut</span> <span class='ocrx_word' id='word_1_38' title='bbox 879 743 1044 824; x_wconf 80' lang='lat' dir='ltr'>diuhrare</span> <span class='ocrx_word' id='word_1_39' title='bbox 1064 746 1151 825; x_wconf 89' lang='lat' dir='ltr'>iicet</span> <span class='ocrx_word' id='word_1_40' title='bbox 1170 747 1223 845; x_wconf 71' lang='lat'>*).</span> <span class='ocrx_word' id='word_1_41' title='bbox 1293 758 1304 780; x_wconf 81' lang='grc'>”</span> 
     </span>
    </p>
   </div>
   <div class='ocr_carea' id='block_1_3' title="bbox 99 962 1754 1807">
    <p class='ocr_par' dir='ltr' id='par_1_3' title="bbox 217 962 1750 1085">
     <span class='ocr_line' id='line_1_6' title="bbox 217 962 1750 1085; baseline -0.003 -24"><span class='ocrx_word' id='word_1_42' title='bbox 217 982 344 1061; x_wconf 82' lang='lat' dir='ltr'>Tertio</span> <span class='ocrx_word' id='word_1_43' title='bbox 357 962 551 1072; x_wconf 81' lang='lat' dir='ltr'>miramur,</span> <span class='ocrx_word' id='word_1_44' title='bbox 576 1006 687 1085; x_wconf 87' lang='lat' dir='ltr'>quare</span> <span class='ocrx_word' id='word_1_45' title='bbox 707 984 785 1084; x_wconf 89' lang='lat' dir='ltr'>post</span> <span class='ocrx_word' id='word_1_46' title='bbox 812 985 1080 1081; x_wconf 85' lang='lat' dir='ltr'>Mengozonem</span> <span class='ocrx_word' id='word_1_47' title='bbox 1102 987 1524 1064; x_wconf 75' lang='lat' dir='ltr'>Abbatemitnmediate</span> <span class='ocrx_word' id='word_1_48' title='bbox 1544 980 1750 1068; x_wconf 77' lang='lat' dir='ltr'>Bruschius,</span> 
     </span>
    </p>

    <p class='ocr_par' dir='ltr' id='par_1_4' title="bbox 99 1102 1754 1685">
     <span class='ocr_line' id='line_1_7' title="bbox 99 1102 1752 1213; baseline -0.003 -29"><span class='ocrx_word' id='word_1_49' title='bbox 99 1106 160 1198; x_wconf 8' lang='lat' dir='ltr'>A&amp;</span> <span class='ocrx_word' id='word_1_50' title='bbox 179 1102 388 1204; x_wconf 83' lang='lat' dir='ltr'>posterioris</span> <span class='ocrx_word' id='word_1_51' title='bbox 408 1104 574 1200; x_wconf 86' lang='lat' dir='ltr'>Cataiogi</span> <span class='ocrx_word' id='word_1_52' title='bbox 588 1104 735 1205; x_wconf 85' lang='lat' dir='ltr'>scriptor</span> <span class='ocrx_word' id='word_1_53' title='bbox 756 1104 937 1205; x_wconf 87' lang='lat' dir='ltr'>posuerint</span> <span class='ocrx_word' id='word_1_54' title='bbox 957 1109 1213 1213; x_wconf 87' lang='lat' dir='ltr'>Hermannum</span> <span class='ocrx_word' id='word_1_55' title='bbox 1234 1108 1282 1182; x_wconf 87' lang='lat' dir='ltr'>de</span> <span class='ocrx_word' id='word_1_56' title='bbox 1303 1104 1636 1204; x_wconf 74' lang='lat' dir='ltr'>Bietihenweyier,</span> <span class='ocrx_word' id='word_1_57' title='bbox 1649 1198 1654 1208; x_wconf 27' lang='lat'><strong>¹</strong></span> <span class='ocrx_word' id='word_1_58' title='bbox 1667 1124 1752 1179; x_wconf 85' lang='lat' dir='ltr'>cum</span> 
     </span>
     <span class='ocr_line' id='line_1_8' title="bbox 115 1222 1753 1325; baseline -0.006 -21"><span class='ocrx_word' id='word_1_59' title='bbox 115 1227 217 1304; x_wconf 84' lang='lat' dir='ltr'>iliius</span> <span class='ocrx_word' id='word_1_60' title='bbox 232 1226 271 1301; x_wconf 90' lang='lat' dir='ltr'>io</span> <span class='ocrx_word' id='word_1_61' title='bbox 294 1223 383 1300; x_wconf 83' lang='lat' dir='ltr'>libro</span> <span class='ocrx_word' id='word_1_62' title='bbox 400 1224 632 1319; x_wconf 80' lang='lat' dir='ltr'>membraneo</span> <span class='ocrx_word' id='word_1_63' title='bbox 647 1224 747 1302; x_wconf 88' lang='lat' dir='ltr'>nulla</span> <span class='ocrx_word' id='word_1_64' title='bbox 761 1225 826 1302; x_wconf 88' lang='lat' dir='ltr'>siat</span> <span class='ocrx_word' id='word_1_65' title='bbox 850 1225 1012 1312; x_wconf 86' lang='lat' dir='ltr'>mentio,</span> <span class='ocrx_word' id='word_1_66' title='bbox 1045 1225 1085 1301; x_wconf 90' lang='lat' dir='ltr'>in</span> <span class='ocrx_word' id='word_1_67' title='bbox 1106 1249 1178 1325; x_wconf 92' lang='lat' dir='ltr'>quo</span> <span class='ocrx_word' id='word_1_68' title='bbox 1198 1222 1384 1303; x_wconf 81' lang='lat' dir='ltr'>Bertiresdus</span> <span class='ocrx_word' id='word_1_69' title='bbox 1404 1227 1627 1324; x_wconf 79' lang='lat' dir='ltr'>Meagozmern</span> <span class='ocrx_word' id='word_1_70' title='bbox 1646 1231 1753 1300; x_wconf 79' lang='lat' dir='ltr'>smne·</span> 
     </span>
     <span class='ocr_line' id='line_1_9' title="bbox 114 1341 1753 1446; baseline -0.004 -22"><span class='ocrx_word' id='word_1_71' title='bbox 114 1352 202 1424; x_wconf 78' lang='lat' dir='ltr'>aare</span> <span class='ocrx_word' id='word_1_72' title='bbox 215 1344 394 1446; x_wconf 87' lang='lat' dir='ltr'>sequitur,</span> <span class='ocrx_word' id='word_1_73' title='bbox 420 1347 459 1423; x_wconf 85' lang='lat' dir='ltr'>dr</span> <span class='ocrx_word' id='word_1_74' title='bbox 480 1341 578 1443; x_wconf 91' lang='lat' dir='ltr'>sequi</span> <span class='ocrx_word' id='word_1_75' title='bbox 608 1346 760 1436; x_wconf 86' lang='lat' dir='ltr'>debere,</span> <span class='ocrx_word' id='word_1_76' title='bbox 783 1346 878 1421; x_wconf 87' lang='lat' dir='ltr'>clare</span> <span class='ocrx_word' id='word_1_77' title='bbox 893 1357 995 1444; x_wconf 86' lang='lat' dir='ltr'>patet</span> <span class='ocrx_word' id='word_1_78' title='bbox 1015 1369 1063 1421; x_wconf 86' lang='lat' dir='ltr'>ex</span> <span class='ocrx_word' id='word_1_79' title='bbox 1081 1344 1190 1434; x_wconf 87' lang='lat' dir='ltr'>libro,</span> <span class='ocrx_word' id='word_1_80' title='bbox 1224 1358 1334 1445; x_wconf 86' lang='lat' dir='ltr'>que&#39;m</span> <span class='ocrx_word' id='word_1_81' title='bbox 1352 1344 1424 1445; x_wconf 91' lang='lat' dir='ltr'>ipse</span> <span class='ocrx_word' id='word_1_82' title='bbox 1445 1342 1630 1422; x_wconf 69' lang='lat' dir='ltr'>amanum</span> <span class='ocrx_word' id='word_1_83' title='bbox 1651 1342 1753 1422; x_wconf 86' lang='lat' dir='ltr'>scribi</span> 
     </span>
     <span class='ocr_line' id='line_1_10' title="bbox 118 1452 1753 1566; baseline -0.002 -23"><span class='ocrx_word' id='word_1_84' title='bbox 118 1468 283 1550; x_wconf 85' lang='lat' dir='ltr'>curauit,</span> <span class='ocrx_word' id='word_1_85' title='bbox 308 1464 348 1540; x_wconf 91' lang='lat' dir='ltr'>in</span> <span class='ocrx_word' id='word_1_86' title='bbox 369 1486 442 1563; x_wconf 86' lang='lat' dir='ltr'>quo</span> <span class='ocrx_word' id='word_1_87' title='bbox 466 1464 643 1542; x_wconf 86' lang='lat' dir='ltr'>Miracusa</span> <span class='ocrx_word' id='word_1_88' title='bbox 668 1468 747 1566; x_wconf 84' lang='lat' dir='ltr'>post</span> <span class='ocrx_word' id='word_1_89' title='bbox 768 1468 976 1563; x_wconf 75' lang='lat' dir='ltr'>Mengozoas</span> <span class='ocrx_word' id='word_1_90' title='bbox 993 1452 1153 1543; x_wconf 81' lang='lat' dir='ltr'>Mortem</span> <span class='ocrx_word' id='word_1_91' title='bbox 1175 1466 1237 1543; x_wconf 90' lang='lat' dir='ltr'>sub</span> <span class='ocrx_word' id='word_1_92' title='bbox 1260 1461 1424 1543; x_wconf 73' lang='lat' dir='ltr'>Bardasir</span> <span class='ocrx_word' id='word_1_93' title='bbox 1447 1468 1563 1542; x_wconf 77' lang='lat' dir='ltr'>Arno</span> <span class='ocrx_word' id='word_1_94' title='bbox 1584 1465 1678 1543; x_wconf 74' lang='lat' dir='ltr'>fasta</span> <span class='ocrx_word' id='word_1_95' title='bbox 1696 1486 1753 1540; x_wconf 91' lang='lat' dir='ltr'>re·</span> 
     </span>
     <span class='ocr_line' id='line_1_11' title="bbox 123 1582 1754 1685; baseline -0.003 -23"><span class='ocrx_word' id='word_1_96' title='bbox 123 1587 323 1663; x_wconf 76' lang='lat' dir='ltr'>censentur.</span> <span class='ocrx_word' id='word_1_97' title='bbox 373 1582 576 1661; x_wconf 81' lang='lat' dir='ltr'>Harrrrarrraes</span> <span class='ocrx_word' id='word_1_98' title='bbox 597 1585 709 1683; x_wconf 81' lang='lat' dir='ltr'>igitur</span> <span class='ocrx_word' id='word_1_99' title='bbox 726 1611 800 1663; x_wconf 88' lang='lat' dir='ltr'>non</span> <span class='ocrx_word' id='word_1_100' title='bbox 821 1589 994 1664; x_wconf 72' lang='lat' dir='ltr'>innume</span> <span class='ocrx_word' id='word_1_101' title='bbox 1021 1585 1097 1684; x_wconf 92' lang='lat' dir='ltr'>post</span> <span class='ocrx_word' id='word_1_102' title='bbox 1126 1583 1365 1682; x_wconf 61' lang='lat' dir='ltr'>Megaeram,</span> <span class='ocrx_word' id='word_1_103' title='bbox 1404 1583 1463 1662; x_wconf 90' lang='lat' dir='ltr'>sed</span> <span class='ocrx_word' id='word_1_104' title='bbox 1483 1585 1560 1685; x_wconf 89' lang='lat' dir='ltr'>post</span> <span class='ocrx_word' id='word_1_105' title='bbox 1579 1585 1754 1661; x_wconf 60' lang='lat' dir='ltr'>madum</span> 
     </span>
    </p>

    <p class='ocr_par' dir='ltr' id='par_1_5' title="bbox 129 1698 1751 1807">
     <span class='ocr_line' id='line_1_12' title="bbox 129 1698 1751 1807; baseline -0.001 -27"><span class='ocrx_word' id='word_1_106' title='bbox 129 1709 165 1780; x_wconf 84' lang='lat' dir='ltr'>de</span> <span class='ocrx_word' id='word_1_107' title='bbox 197 1698 385 1801; x_wconf 76' lang='lat' dir='ltr'>Wagerbarir</span> <span class='ocrx_word' id='word_1_108' title='bbox 408 1707 600 1802; x_wconf 86' lang='lat' dir='ltr'>ponendus</span> <span class='ocrx_word' id='word_1_109' title='bbox 621 1705 693 1792; x_wconf 85' lang='lat' dir='ltr'>esi.</span> <span class='ocrx_word' id='word_1_110' title='bbox 719 1706 830 1807; x_wconf 88' lang='lat' dir='ltr'>idque</span> <span class='ocrx_word' id='word_1_111' title='bbox 858 1705 993 1782; x_wconf 81' lang='lat' dir='ltr'>litteris</span> <span class='ocrx_word' id='word_1_112' title='bbox 1022 1707 1210 1802; x_wconf 90' lang='lat' dir='ltr'>probatur,</span> <span class='ocrx_word' id='word_1_113' title='bbox 1237 1705 1318 1784; x_wconf 83' lang='lat' dir='ltr'>vnis</span> <span class='ocrx_word' id='word_1_114' title='bbox 1343 1707 1403 1783; x_wconf 91' lang='lat' dir='ltr'>sub</span> <span class='ocrx_word' id='word_1_115' title='bbox 1421 1705 1592 1783; x_wconf 89' lang='lat' dir='ltr'>Conrado</span> <span class='ocrx_word' id='word_1_116' title='bbox 1607 1703 1751 1782; x_wconf 83' lang='lat' dir='ltr'>Abbate</span> 
     </span>
    </p>
   </div>
   <div class='ocr_carea' id='block_1_4' title="bbox 125 1823 1855 1918">
    <p class='ocr_par' dir='ltr' id='par_1_6' title="bbox 125 1823 1855 1918">
     <span class='ocr_line' id='line_1_13' title="bbox 125 1823 1855 1918; baseline -0.002 -18"><span class='ocrx_word' id='word_1_117' title='bbox 125 1824 247 1911; x_wconf 87' lang='lat' dir='ltr'>datis,</span> <span class='ocrx_word' id='word_1_118' title='bbox 268 1846 360 1900; x_wconf 88' lang='lat' dir='ltr'>anno</span> <span class='ocrx_word' id='word_1_119' title='bbox 384 1830 501 1918; x_wconf 78' lang='lat'>1265.</span> <span class='ocrx_word' id='word_1_120' title='bbox 528 1825 568 1901; x_wconf 91' lang='lat' dir='ltr'>in</span> <span class='ocrx_word' id='word_1_121' title='bbox 592 1825 653 1903; x_wconf 91' lang='lat' dir='ltr'>die</span> <span class='ocrx_word' id='word_1_122' title='bbox 678 1827 717 1903; x_wconf 89' lang='lat' dir='ltr'>S.</span> <span class='ocrx_word' id='word_1_123' title='bbox 740 1823 930 1913; x_wconf 90' lang='lat' dir='ltr'>Othmari,</span> <span class='ocrx_word' id='word_1_124' title='bbox 954 1823 1079 1900; x_wconf 86' lang='lat' dir='ltr'>alteris</span> <span class='ocrx_word' id='word_1_125' title='bbox 1101 1823 1162 1900; x_wconf 91' lang='lat' dir='ltr'>sub</span> <span class='ocrx_word' id='word_1_126' title='bbox 1177 1823 1392 1909; x_wconf 82' lang='lat' dir='ltr'>Hermanno</span> <span class='ocrx_word' id='word_1_127' title='bbox 1413 1826 1513 1902; x_wconf 87' lang='lat' dir='ltr'>datis</span> <span class='ocrx_word' id='word_1_128' title='bbox 1530 1848 1626 1915; x_wconf 84' lang='lat' dir='ltr'>anno</span> <span class='ocrx_word' id='word_1_129' title='bbox 1647 1830 1752 1902; x_wconf 81' lang='lat'>1266.</span> <span class='ocrx_word' id='word_1_130' title='bbox 1849 1883 1855 1897; x_wconf 89' lang='lat'>.</span> 
     </span>
    </p>
   </div>
   <div class='ocr_carea' id='block_1_5' title="bbox 116 1940 1860 3122">
    <p class='ocr_par' dir='ltr' id='par_1_7' title="bbox 116 1940 1860 3122">
     <span class='ocr_line' id='line_1_14' title="bbox 116 1940 1752 2045; baseline -0.002 -25"><span class='ocrx_word' id='word_1_131' title='bbox 116 1945 159 2020; x_wconf 90' lang='lat' dir='ltr'>in</span> <span class='ocrx_word' id='word_1_132' title='bbox 176 1945 241 2021; x_wconf 91' lang='lat' dir='ltr'>die</span> <span class='ocrx_word' id='word_1_133' title='bbox 255 1944 295 2020; x_wconf 70' lang='lat' dir='ltr'>S</span> <span class='ocrx_word' id='word_1_134' title='bbox 310 1943 419 2021; x_wconf 78' lang='lat' dir='ltr'>Galli.</span> <span class='ocrx_word' id='word_1_135' title='bbox 481 1942 582 2020; x_wconf 86' lang='lat' dir='ltr'>Hinc</span> <span class='ocrx_word' id='word_1_136' title='bbox 606 1945 852 2045; x_wconf 81' lang='lat' dir='ltr'>deprehendis</span> <span class='ocrx_word' id='word_1_137' title='bbox 878 1945 993 2021; x_wconf 83' lang='lat' dir='ltr'>etiam</span> <span class='ocrx_word' id='word_1_138' title='bbox 1026 1943 1139 2019; x_wconf 86' lang='lat' dir='ltr'>alium</span> <span class='ocrx_word' id='word_1_139' title='bbox 1168 1966 1343 2030; x_wconf 88' lang='lat' dir='ltr'>errorem,</span> <span class='ocrx_word' id='word_1_140' title='bbox 1364 1944 1599 2023; x_wconf 75' lang='lat' dir='ltr'>vHermannam</span> <span class='ocrx_word' id='word_1_141' title='bbox 1625 1940 1752 2021; x_wconf 85' lang='lat' dir='ltr'>videli-</span> 
     </span>
     <span class='ocr_line' id='line_1_15' title="bbox 119 2061 1754 2162; baseline -0.002 -22"><span class='ocrx_word' id='word_1_142' title='bbox 119 2077 185 2140; x_wconf 87' lang='lat' dir='ltr'>cet</span> <span class='ocrx_word' id='word_1_143' title='bbox 217 2089 296 2139; x_wconf 93' lang='lat' dir='ltr'>non</span> <span class='ocrx_word' id='word_1_144' title='bbox 323 2062 625 2152; x_wconf 72' lang='lat' dir='ltr'>eremorum,</span> <span class='ocrx_word' id='word_1_145' title='bbox 664 2076 706 2144; x_wconf 89' lang='lat' dir='ltr'>vt</span> <span class='ocrx_word' id='word_1_146' title='bbox 726 2064 922 2161; x_wconf 81' lang='lat' dir='ltr'>Burschius</span> <span class='ocrx_word' id='word_1_147' title='bbox 952 2063 1216 2162; x_wconf 82' lang='lat' dir='ltr'>&amp;posterioris</span> <span class='ocrx_word' id='word_1_148' title='bbox 1242 2061 1407 2159; x_wconf 88' lang='lat' dir='ltr'>Catalogi</span> <span class='ocrx_word' id='word_1_149' title='bbox 1437 2061 1582 2160; x_wconf 81' lang='lat' dir='ltr'>scriptor</span> <span class='ocrx_word' id='word_1_150' title='bbox 1603 2071 1754 2139; x_wconf 88' lang='lat' dir='ltr'>narrant</span> 
     </span>
     <span class='ocr_line' id='line_1_16' title="bbox 128 2181 1860 2281; baseline 0.002 -26"><span class='ocrx_word' id='word_1_151' title='bbox 128 2205 233 2256; x_wconf 88' lang='lat' dir='ltr'>anno</span> <span class='ocrx_word' id='word_1_152' title='bbox 261 2204 366 2275; x_wconf 79' lang='lat'>1213.</span> <span class='ocrx_word' id='word_1_153' title='bbox 385 2181 492 2262; x_wconf 89' lang='lat' dir='ltr'>immo</span> <span class='ocrx_word' id='word_1_154' title='bbox 516 2183 635 2281; x_wconf 82' lang='lat' dir='ltr'>magis</span> <span class='ocrx_word' id='word_1_155' title='bbox 663 2184 882 2262; x_wconf 85' lang='lat' dir='ltr'>crediderim</span> <span class='ocrx_word' id='word_1_156' title='bbox 916 2204 1003 2261; x_wconf 87' lang='lat' dir='ltr'>euru</span> <span class='ocrx_word' id='word_1_157' title='bbox 1030 2192 1161 2259; x_wconf 87' lang='lat' dir='ltr'>natum</span> <span class='ocrx_word' id='word_1_158' title='bbox 1192 2183 1359 2260; x_wconf 88' lang='lat' dir='ltr'>nondum</span> <span class='ocrx_word' id='word_1_159' title='bbox 1385 2181 1507 2269; x_wconf 73' lang='lat' dir='ltr'>fuissea</span> <span class='ocrx_word' id='word_1_160' title='bbox 1543 2205 1632 2263; x_wconf 90' lang='lat' dir='ltr'>nam</span> <span class='ocrx_word' id='word_1_161' title='bbox 1654 2205 1753 2259; x_wconf 86' lang='lat' dir='ltr'>anno</span> <span class='ocrx_word' id='word_1_162' title='bbox 1854 2214 1860 2223; x_wconf 93' lang='lat'>·</span> 
     </span>
     <span class='ocr_line' id='line_1_17' title="bbox 128 2299 1752 2396; baseline 0.001 -20"><span class='ocrx_word' id='word_1_163' title='bbox 128 2299 287 2376; x_wconf 88' lang='lat' dir='ltr'>Domini</span> <span class='ocrx_word' id='word_1_164' title='bbox 321 2322 420 2396; x_wconf 76' lang='lat'>1299.</span> <span class='ocrx_word' id='word_1_165' title='bbox 451 2304 574 2381; x_wconf 84' lang='lat' dir='ltr'>vixisse</span> <span class='ocrx_word' id='word_1_166' title='bbox 597 2300 705 2381; x_wconf 89' lang='lat' dir='ltr'>scitur</span> <span class='ocrx_word' id='word_1_167' title='bbox 732 2329 780 2382; x_wconf 86' lang='lat' dir='ltr'>ex</span> <span class='ocrx_word' id='word_1_168' title='bbox 809 2302 940 2380; x_wconf 84' lang='lat' dir='ltr'>litteris</span> <span class='ocrx_word' id='word_1_169' title='bbox 971 2328 1016 2380; x_wconf 91' lang='lat' dir='ltr'>eo</span> <span class='ocrx_word' id='word_1_170' title='bbox 1047 2325 1145 2378; x_wconf 88' lang='lat' dir='ltr'>anno</span> <span class='ocrx_word' id='word_1_171' title='bbox 1179 2301 1241 2378; x_wconf 86' lang='lat' dir='ltr'>sub</span> <span class='ocrx_word' id='word_1_172' title='bbox 1267 2307 1400 2382; x_wconf 90' lang='lat' dir='ltr'>eodem</span> <span class='ocrx_word' id='word_1_173' title='bbox 1429 2304 1625 2381; x_wconf 80' lang='lat' dir='ltr'>Hermanno</span> <span class='ocrx_word' id='word_1_174' title='bbox 1642 2304 1752 2380; x_wconf 77' lang='lat' dir='ltr'>datia.</span> 
     </span>
     <span class='ocr_line' id='line_1_18' title="bbox 126 2414 1753 2531; baseline 0.004 -36"><span class='ocrx_word' id='word_1_175' title='bbox 126 2418 397 2520; x_wconf 81' lang='lat' dir='ltr'>Consequenter</span> <span class='ocrx_word' id='word_1_176' title='bbox 422 2414 546 2500; x_wconf 79' lang='lat' dir='ltr'>¹e&#39;tiam</span> <span class='ocrx_word' id='word_1_177' title='bbox 570 2424 725 2531; x_wconf 80' lang='lat' dir='ltr'>somniat</span> <span class='ocrx_word' id='word_1_178' title='bbox 749 2423 966 2515; x_wconf 78' lang='lat' dir='ltr'>Bruscinus,</span> <span class='ocrx_word' id='word_1_179' title='bbox 1014 2421 1208 2522; x_wconf 84' lang='lat' dir='ltr'>Templum</span> <span class='ocrx_word' id='word_1_180' title='bbox 1230 2425 1390 2503; x_wconf 87' lang='lat' dir='ltr'>nostrum</span> <span class='ocrx_word' id='word_1_181' title='bbox 1424 2448 1522 2501; x_wconf 88' lang='lat' dir='ltr'>anno</span> <span class='ocrx_word' id='word_1_182' title='bbox 1552 2447 1656 2523; x_wconf 81' lang='lat'>¹207·</span> <span class='ocrx_word' id='word_1_183' title='bbox 1691 2422 1753 2501; x_wconf 90' lang='lat' dir='ltr'>sub</span> 
     </span>
     <span class='ocr_line' id='line_1_19' title="bbox 119 2539 1759 2646; baseline 0.001 -27"><span class='ocrx_word' id='word_1_184' title='bbox 119 2539 308 2619; x_wconf 78' lang='lat' dir='ltr'>Hermanno</span> <span class='ocrx_word' id='word_1_185' title='bbox 331 2542 543 2646; x_wconf 78' lang='lat' dir='ltr'>dedicatum</span> <span class='ocrx_word' id='word_1_186' title='bbox 574 2539 673 2622; x_wconf 85' lang='lat' dir='ltr'>firisie</span> <span class='ocrx_word' id='word_1_187' title='bbox 710 2545 755 2623; x_wconf 89' lang='lat' dir='ltr'>ab</span> <span class='ocrx_word' id='word_1_188' title='bbox 785 2546 962 2644; x_wconf 85' lang='lat' dir='ltr'>Episcopo</span> <span class='ocrx_word' id='word_1_189' title='bbox 995 2540 1258 2621; x_wconf 86' lang='lat' dir='ltr'>Constantiensr</span> <span class='ocrx_word' id='word_1_190' title='bbox 1284 2547 1587 2621; x_wconf 70' lang='lat' dir='ltr'>amanteum.</span> <span class='ocrx_word' id='word_1_191' title='bbox 1649 2541 1759 2646; x_wconf 53' lang='lat' dir='ltr'>Haec*</span> 
     </span>
     <span class='ocr_line' id='line_1_20' title="bbox 119 2648 1795 2761; baseline 0.004 -26"><span class='ocrx_word' id='word_1_192' title='bbox 119 2648 227 2739; x_wconf 82' lang='lat' dir='ltr'>enim</span> <span class='ocrx_word' id='word_1_193' title='bbox 254 2663 435 2761; x_wconf 72' lang='lat' dir='ltr'>dedicatio</span> <span class='ocrx_word' id='word_1_194' title='bbox 468 2663 529 2741; x_wconf 92' lang='lat' dir='ltr'>sub</span> <span class='ocrx_word' id='word_1_195' title='bbox 556 2659 720 2742; x_wconf 66' lang='lat' dir='ltr'>aarum</span> <span class='ocrx_word' id='word_1_196' title='bbox 746 2667 892 2746; x_wconf 84' lang='lat' dir='ltr'>Abbate</span> <span class='ocrx_word' id='word_1_197' title='bbox 916 2666 1009 2742; x_wconf 71' lang='lat' dir='ltr'>saeta</span> <span class='ocrx_word' id='word_1_198' title='bbox 1031 2663 1082 2742; x_wconf 85' lang='lat' dir='ltr'>est</span> <span class='ocrx_word' id='word_1_199' title='bbox 1103 2662 1184 2761; x_wconf 52' lang='grc' dir='ltr'>ω).</span> <span class='ocrx_word' id='word_1_200' title='bbox 1232 2661 1359 2740; x_wconf 86' lang='lat' dir='ltr'>Aliam</span> <span class='ocrx_word' id='word_1_201' title='bbox 1383 2665 1518 2741; x_wconf 90' lang='lat' dir='ltr'>deiude</span> <span class='ocrx_word' id='word_1_202' title='bbox 1543 2664 1754 2741; x_wconf 82' lang='lat' dir='ltr'>Dedicatio·</span> <span class='ocrx_word' id='word_1_203' title='bbox 1792 2710 1795 2729; x_wconf 57' lang='grc' dir='ltr'>ι</span> 
     </span>
     <span class='ocr_line' id='line_1_21' title="bbox 119 2779 1799 2872; baseline 0 -15"><span class='ocrx_word' id='word_1_204' title='bbox 119 2803 213 2857; x_wconf 86' lang='lat' dir='ltr'>nem</span> <span class='ocrx_word' id='word_1_205' title='bbox 242 2779 453 2859; x_wconf 83' lang='lat' dir='ltr'>inuenimus</span> <span class='ocrx_word' id='word_1_206' title='bbox 482 2785 633 2872; x_wconf 70' lang='lat' dir='ltr'>fatiam,</span> <span class='ocrx_word' id='word_1_207' title='bbox 675 2783 737 2862; x_wconf 91' lang='lat' dir='ltr'>sub</span> <span class='ocrx_word' id='word_1_208' title='bbox 764 2787 907 2864; x_wconf 82' lang='lat' dir='ltr'>Abbnte</span> <span class='ocrx_word' id='word_1_209' title='bbox 936 2787 1072 2860; x_wconf 69' lang='lat' dir='ltr'>&amp;moda</span> <span class='ocrx_word' id='word_1_210' title='bbox 1102 2784 1374 2862; x_wconf 76' lang='lat' dir='ltr'>praedecessore</span> <span class='ocrx_word' id='word_1_211' title='bbox 1409 2784 1625 2861; x_wconf 85' lang='lat' dir='ltr'>immediato</span> <span class='ocrx_word' id='word_1_212' title='bbox 1665 2782 1755 2859; x_wconf 83' lang='lat' dir='ltr'>Har·</span> <span class='ocrx_word' id='word_1_213' title='bbox 1795 2802 1799 2808; x_wconf 90' lang='lat'>·</span> 
     </span>
     <span class='ocr_line' id='line_1_22' title="bbox 119 2898 1753 3017; baseline 0.001 -39"><span class='ocrx_word' id='word_1_214' title='bbox 119 2908 232 2978; x_wconf 74' lang='lat' dir='ltr'>moad</span> <span class='ocrx_word' id='word_1_215' title='bbox 251 2901 406 2981; x_wconf 66' lang='lat' dir='ltr'>fflbatir</span> <span class='ocrx_word' id='word_1_216' title='bbox 430 2900 542 2980; x_wconf 83' lang='lat' dir='ltr'>Anno</span> <span class='ocrx_word' id='word_1_217' title='bbox 571 2927 676 3017; x_wconf 73' lang='lat'><strong>¹25³·</strong></span> <span class='ocrx_word' id='word_1_218' title='bbox 702 2919 736 2990; x_wconf 82' lang='lat'>8.</span> <span class='ocrx_word' id='word_1_219' title='bbox 757 2903 908 2979; x_wconf 83' lang='lat' dir='ltr'>Calend.</span> <span class='ocrx_word' id='word_1_220' title='bbox 927 2901 1025 3002; x_wconf 71' lang='lat' dir='ltr'>Juuii</span> <span class='ocrx_word' id='word_1_221' title='bbox 1054 2903 1099 2980; x_wconf 87' lang='lat' dir='ltr'>ab</span> <span class='ocrx_word' id='word_1_222' title='bbox 1123 2898 1301 2980; x_wconf 76' lang='lat' dir='ltr'>diethardo</span> <span class='ocrx_word' id='word_1_223' title='bbox 1323 2901 1584 2981; x_wconf 77' lang='lat' dir='ltr'>constantiensi</span> <span class='ocrx_word' id='word_1_224' title='bbox 1608 2902 1753 3001; x_wconf 82' lang='lat' dir='ltr'>Episco-</span> 
     </span>
     <span class='ocr_line' id='line_1_23' title="bbox 121 3012 1778 3122; baseline 0.001 -23"><span class='ocrx_word' id='word_1_225' title='bbox 121 3043 187 3122; x_wconf 86' lang='lat' dir='ltr'>po.</span> <span class='ocrx_word' id='word_1_226' title='bbox 235 3021 361 3119; x_wconf 77' lang='lat' dir='ltr'>Hujus</span> <span class='ocrx_word' id='word_1_227' title='bbox 385 3021 441 3099; x_wconf 87' lang='lat' dir='ltr'>rei</span> <span class='ocrx_word' id='word_1_228' title='bbox 465 3021 611 3102; x_wconf 80' lang='lat' dir='ltr'>litterae</span> <span class='ocrx_word' id='word_1_229' title='bbox 637 3023 757 3102; x_wconf 90' lang='lat' dir='ltr'>adhuc</span> <span class='ocrx_word' id='word_1_230' title='bbox 787 3023 980 3101; x_wconf 87' lang='lat' dir='ltr'>habentur.</span> <span class='ocrx_word' id='word_1_231' title='bbox 1772 3012 1778 3021; x_wconf 65' lang='grc'><strong>“</strong></span> 
     </span>
    </p>
   </div>
   <div class='ocr_carea' id='block_1_6' title="bbox 123 3220 1757 3601">
    <p class='ocr_par' dir='ltr' id='par_1_8' title="bbox 123 3220 1757 3601">
     <span class='ocr_line' id='line_1_24' title="bbox 224 3220 1757 3368; baseline 0.003 -28"><span class='ocrx_word' id='word_1_232' title='bbox 224 3263 365 3351; x_wconf 81' lang='lat' dir='ltr'>Quarto</span> <span class='ocrx_word' id='word_1_233' title='bbox 380 3284 385 3293; x_wconf 91' lang='lat'><strong>·</strong></span> <span class='ocrx_word' id='word_1_234' title='bbox 400 3263 594 3355; x_wconf 83' lang='lat' dir='ltr'>miramur,</span> <span class='ocrx_word' id='word_1_235' title='bbox 618 3287 729 3366; x_wconf 87' lang='lat' dir='ltr'>quare</span> <span class='ocrx_word' id='word_1_236' title='bbox 757 3265 817 3346; x_wconf 92' lang='lat' dir='ltr'>sub</span> <span class='ocrx_word' id='word_1_237' title='bbox 844 3258 1008 3340; x_wconf 69' lang='lat' dir='ltr'>aarum</span> <span class='ocrx_word' id='word_1_238' title='bbox 1028 3262 1153 3343; x_wconf 70' lang='lat' dir='ltr'>Arrace</span> <span class='ocrx_word' id='word_1_239' title='bbox 1179 3287 1276 3342; x_wconf 89' lang='lat' dir='ltr'>anno</span> <span class='ocrx_word' id='word_1_240' title='bbox 1303 3220 1406 3363; x_wconf 67' lang='grc' dir='ltr'>ὼγ.</span> <span class='ocrx_word' id='word_1_241' title='bbox 1448 3264 1573 3368; x_wconf 76' lang='lat' dir='ltr'>dicant</span> <span class='ocrx_word' id='word_1_242' title='bbox 1604 3267 1757 3344; x_wconf 85' lang='lat' dir='ltr'>combu-</span> 
     </span>
     <span class='ocr_line' id='line_1_25' title="bbox 127 3382 1753 3503; baseline 0.002 -40"><span class='ocrx_word' id='word_1_243' title='bbox 127 3383 219 3463; x_wconf 76' lang='lat' dir='ltr'>stum</span> <span class='ocrx_word' id='word_1_244' title='bbox 242 3382 343 3461; x_wconf 86' lang='lat' dir='ltr'>scisse</span> <span class='ocrx_word' id='word_1_245' title='bbox 357 3384 637 3503; x_wconf 69' lang='lat' dir='ltr'>Mooasteriuma</span> <span class='ocrx_word' id='word_1_246' title='bbox 662 3407 750 3465; x_wconf 89' lang='lat' dir='ltr'>eum</span> <span class='ocrx_word' id='word_1_247' title='bbox 768 3385 859 3464; x_wconf 87' lang='lat' dir='ltr'>liber</span> <span class='ocrx_word' id='word_1_248' title='bbox 877 3384 1105 3464; x_wconf 89' lang='lat' dir='ltr'>Litaoiarum</span> <span class='ocrx_word' id='word_1_249' title='bbox 1123 3383 1212 3462; x_wconf 88' lang='lat' dir='ltr'>illud</span> <span class='ocrx_word' id='word_1_250' title='bbox 1235 3384 1448 3464; x_wconf 88' lang='lat' dir='ltr'>Incendium</span> <span class='ocrx_word' id='word_1_251' title='bbox 1471 3386 1635 3465; x_wconf 79' lang='lat' dir='ltr'>a&#39;ccidisse</span> <span class='ocrx_word' id='word_1_252' title='bbox 1654 3408 1753 3477; x_wconf 56' lang='lat' dir='ltr'>coruae</span> 
     </span>
     <span class='ocr_line' id='line_1_26' title="bbox 123 3515 560 3601; baseline -0.002 -18"><span class='ocrx_word' id='word_1_253' title='bbox 123 3515 308 3585; x_wconf 83' lang='lat' dir='ltr'>memoret</span> <span class='ocrx_word' id='word_1_254' title='bbox 328 3526 428 3582; x_wconf 88' lang='lat' dir='ltr'>anuo</span> <span class='ocrx_word' id='word_1_255' title='bbox 456 3525 560 3601; x_wconf 79' lang='lat'><strong>¹215·</strong></span> 
     </span>
    </p>
   </div>
   <div class='ocr_carea' id='block_1_7' title="bbox 121 3744 1850 4689">
    <p class='ocr_par' dir='ltr' id='par_1_9' title="bbox 121 3744 1850 4326">
     <span class='ocr_line' id='line_1_27' title="bbox 227 3744 1754 3848; baseline 0.004 -26"><span class='ocrx_word' id='word_1_256' title='bbox 227 3744 366 3832; x_wconf 86' lang='lat' dir='ltr'>Quinto</span> <span class='ocrx_word' id='word_1_257' title='bbox 394 3744 588 3834; x_wconf 81' lang='lat' dir='ltr'>miramur.·</span> <span class='ocrx_word' id='word_1_258' title='bbox 622 3769 733 3847; x_wconf 88' lang='lat' dir='ltr'>quare</span> <span class='ocrx_word' id='word_1_259' title='bbox 761 3744 799 3822; x_wconf 93' lang='lat' dir='ltr'>in</span> <span class='ocrx_word' id='word_1_260' title='bbox 827 3746 893 3826; x_wconf 81' lang='lat' dir='ltr'>isio</span> <span class='ocrx_word' id='word_1_261' title='bbox 916 3745 1108 3848; x_wconf 82' lang='lat' dir='ltr'>posteriore</span> <span class='ocrx_word' id='word_1_262' title='bbox 1137 3747 1313 3848; x_wconf 80' lang='lat' dir='ltr'>catalogo</span> <span class='ocrx_word' id='word_1_263' title='bbox 1331 3747 1594 3848; x_wconf 83' lang='lat' dir='ltr'>praetermissus</span> <span class='ocrx_word' id='word_1_264' title='bbox 1618 3748 1661 3825; x_wconf 86' lang='lat' dir='ltr'>sit</span> <span class='ocrx_word' id='word_1_265' title='bbox 1681 3748 1754 3828; x_wconf 71' lang='lat' dir='ltr'>Aa</span> 
     </span>
     <span class='ocr_line' id='line_1_28' title="bbox 121 3864 1753 3964; baseline 0.002 -21"><span class='ocrx_word' id='word_1_266' title='bbox 121 3868 184 3943; x_wconf 74' lang='lat' dir='ltr'>aas</span> <span class='ocrx_word' id='word_1_267' title='bbox 207 3864 404 3956; x_wconf 66' lang='lat' dir='ltr'>aeaeae,</span> <span class='ocrx_word' id='word_1_268' title='bbox 433 3890 542 3963; x_wconf 89' lang='lat' dir='ltr'>quem</span> <span class='ocrx_word' id='word_1_269' title='bbox 563 3866 748 3943; x_wconf 85' lang='lat' dir='ltr'>Abbatem</span> <span class='ocrx_word' id='word_1_270' title='bbox 775 3867 874 3944; x_wconf 80' lang='lat' dir='ltr'>suisse</span> <span class='ocrx_word' id='word_1_271' title='bbox 896 3867 1027 3945; x_wconf 84' lang='lat' dir='ltr'>scimus</span> <span class='ocrx_word' id='word_1_272' title='bbox 1048 3891 1097 3943; x_wconf 87' lang='lat' dir='ltr'>ex</span> <span class='ocrx_word' id='word_1_273' title='bbox 1118 3869 1248 3945; x_wconf 80' lang='lat' dir='ltr'>litteris</span> <span class='ocrx_word' id='word_1_274' title='bbox 1270 3893 1368 3945; x_wconf 88' lang='lat' dir='ltr'>anuo</span> <span class='ocrx_word' id='word_1_275' title='bbox 1386 3867 1537 3948; x_wconf 90' lang='lat' dir='ltr'>Domini</span> <span class='ocrx_word' id='word_1_276' title='bbox 1558 3893 1661 3964; x_wconf 85' lang='lat'>1300.</span> <span class='ocrx_word' id='word_1_277' title='bbox 1691 3869 1753 3946; x_wconf 85' lang='lat' dir='ltr'>sub</span> 
     </span>
     <span class='ocr_line' id='line_1_29' title="bbox 122 3985 1755 4099; baseline 0 -34"><span class='ocrx_word' id='word_1_278' title='bbox 122 4010 173 4065; x_wconf 85' lang='lat' dir='ltr'>eo</span> <span class='ocrx_word' id='word_1_279' title='bbox 198 3986 306 4063; x_wconf 81' lang='lat' dir='ltr'>datia.</span> <span class='ocrx_word' id='word_1_280' title='bbox 356 3985 691 4086; x_wconf 73' lang='lat' dir='ltr'>Sitque-intelligis</span> <span class='ocrx_word' id='word_1_281' title='bbox 713 3990 884 4062; x_wconf 79' lang='lat' dir='ltr'>immediate</span> <span class='ocrx_word' id='word_1_282' title='bbox 899 3989 964 4099; x_wconf 81' lang='lat' dir='ltr'>post</span> <span class='ocrx_word' id='word_1_283' title='bbox 992 3986 1229 4076; x_wconf 68' lang='lat' dir='ltr'>uenam,</span> <span class='ocrx_word' id='word_1_284' title='bbox 1254 3987 1319 4089; x_wconf 90' lang='lat' dir='ltr'>qui</span> <span class='ocrx_word' id='word_1_285' title='bbox 1344 4010 1440 4064; x_wconf 86' lang='lat' dir='ltr'>anno</span> <span class='ocrx_word' id='word_1_286' title='bbox 1470 4008 1573 4080; x_wconf 83' lang='lat'><strong>¹299·</strong></span> <span class='ocrx_word' id='word_1_287' title='bbox 1597 3989 1755 4086; x_wconf 87' lang='lat' dir='ltr'>praefuit</span> 
     </span>
     <span class='ocr_line' id='line_1_30' title="bbox 122 4104 1850 4207; baseline 0.003 -25"><span class='ocrx_word' id='word_1_288' title='bbox 122 4104 341 4207; x_wconf 78' lang='lat' dir='ltr'>ponendum</span> <span class='ocrx_word' id='word_1_289' title='bbox 372 4105 443 4204; x_wconf 82' lang='lat' dir='ltr'>eise</span> <span class='ocrx_word' id='word_1_290' title='bbox 469 4105 670 4183; x_wconf 57' lang='lat' dir='ltr'>mauron</span> <span class='ocrx_word' id='word_1_291' title='bbox 727 4106 958 4204; x_wconf 78' lang='lat' dir='ltr'>Exptaogendas</span> <span class='ocrx_word' id='word_1_292' title='bbox 985 4106 1097 4203; x_wconf 86' lang='lat' dir='ltr'>igitur</span> <span class='ocrx_word' id='word_1_293' title='bbox 1124 4106 1170 4182; x_wconf 86' lang='lat' dir='ltr'>ab</span> <span class='ocrx_word' id='word_1_294' title='bbox 1202 4107 1274 4185; x_wconf 88' lang='lat' dir='ltr'>hoc</span> <span class='ocrx_word' id='word_1_295' title='bbox 1307 4107 1389 4185; x_wconf 88' lang='lat' dir='ltr'>loco</span> <span class='ocrx_word' id='word_1_296' title='bbox 1415 4109 1577 4185; x_wconf 67' lang='lat' dir='ltr'>ananam</span> <span class='ocrx_word' id='word_1_297' title='bbox 1611 4109 1754 4201; x_wconf 76' lang='lat' dir='ltr'>Abbas,</span> <span class='ocrx_word' id='word_1_298' title='bbox 1848 4135 1850 4140; x_wconf 89' lang='lat'>·</span> 
     </span>
     <span class='ocr_line' id='line_1_31' title="bbox 122 4223 1833 4326; baseline -0.001 -19"><span class='ocrx_word' id='word_1_299' title='bbox 122 4226 190 4308; x_wconf 84' lang='lat' dir='ltr'>cui</span> <span class='ocrx_word' id='word_1_300' title='bbox 213 4224 380 4320; x_wconf 82' lang='lat' dir='ltr'>catalogi</span> <span class='ocrx_word' id='word_1_301' title='bbox 406 4224 575 4326; x_wconf 82' lang='lat' dir='ltr'>scriptor,</span> <span class='ocrx_word' id='word_1_302' title='bbox 600 4228 638 4306; x_wconf 80' lang='lat' dir='ltr'>dr</span> <span class='ocrx_word' id='word_1_303' title='bbox 667 4223 865 4304; x_wconf 85' lang='lat' dir='ltr'>Bruschiua</span> <span class='ocrx_word' id='word_1_304' title='bbox 893 4248 981 4304; x_wconf 88' lang='lat' dir='ltr'>eum</span> <span class='ocrx_word' id='word_1_305' title='bbox 1005 4225 1190 4325; x_wconf 80' lang='lat' dir='ltr'>asfigoant.</span> <span class='ocrx_word' id='word_1_306' title='bbox 1829 4254 1833 4281; x_wconf 65' lang='lat'>¹</span> 
     </span>
    </p>

    <p class='ocr_par' dir='ltr' id='par_1_10' title="bbox 131 4347 1753 4689">
     <span class='ocr_line' id='line_1_32' title="bbox 1031 4347 1753 4428; baseline 0.003 -2"><span class='ocrx_word' id='word_1_307' title='bbox 1031 4356 1034 4362; x_wconf 84' lang='lat'>&#39;</span> <span class='ocrx_word' id='word_1_308' title='bbox 1637 4347 1753 4428; x_wconf 78' lang='lat' dir='ltr'>Sexto</span> 
     </span>
     <span class='ocr_line' id='line_1_33' title="bbox 131 4465 823 4549; baseline 0.001 -17"><span class='ocrx_word' id='word_1_309' title='bbox 131 4482 135 4487; x_wconf 87' lang='lat'>·</span> <span class='ocrx_word' id='word_1_310' title='bbox 168 4467 206 4548; x_wconf 74' lang='lat'>⁸)</span> <span class='ocrx_word' id='word_1_311' title='bbox 228 4465 292 4532; x_wconf 71' lang='lat' dir='ltr'>diro</span> <span class='ocrx_word' id='word_1_312' title='bbox 310 4466 367 4532; x_wconf 83' lang='lat' dir='ltr'>soro</span> <span class='ocrx_word' id='word_1_313' title='bbox 386 4465 563 4546; x_wconf 63' lang='lat' dir='ltr'>videdim</span> <span class='ocrx_word' id='word_1_314' title='bbox 584 4475 651 4534; x_wconf 81' lang='lat' dir='ltr'>oter</span> <span class='ocrx_word' id='word_1_315' title='bbox 668 4469 823 4549; x_wconf 66' lang='lat' dir='ltr'>erratura,</span> 
     </span>
     <span class='ocr_line' id='line_1_34' title="bbox 169 4589 1064 4689; baseline 0.002 -27"><span class='ocrx_word' id='word_1_316' title='bbox 169 4595 223 4678; x_wconf 72' lang='lat'>⁸)</span> <span class='ocrx_word' id='word_1_317' title='bbox 251 4594 297 4662; x_wconf 80' lang='lat' dir='ltr'>Et</span> <span class='ocrx_word' id='word_1_318' title='bbox 321 4595 439 4685; x_wconf 57' lang='lat' dir='ltr'>praa»</span> <span class='ocrx_word' id='word_1_319' title='bbox 465 4616 545 4666; x_wconf 72' lang='lat' dir='ltr'>aare</span> <span class='ocrx_word' id='word_1_320' title='bbox 573 4614 668 4682; x_wconf 77' lang='lat'>1217.</span> <span class='ocrx_word' id='word_1_321' title='bbox 696 4604 743 4666; x_wconf 81' lang='lat' dir='ltr'>at·</span> <span class='ocrx_word' id='word_1_322' title='bbox 758 4589 888 4689; x_wconf 67' lang='lat' dir='ltr'>inseriae</span> <span class='ocrx_word' id='word_1_323' title='bbox 908 4595 1064 4665; x_wconf 67' lang='lat' dir='ltr'>maiar.</span> 
     </span>
    </p>
   </div>
   <div class='ocr_carea' id='block_1_8' title="bbox 0 0 1881 5160">
    <p class='ocr_par' dir='ltr' id='par_1_11' title="bbox 0 0 1881 5160">
     <span class='ocr_line' id='line_1_35' title="bbox 0 0 1881 5160; baseline 0 0"><span class='ocrx_word' id='word_1_324' title='bbox 0 0 1881 5160; x_wconf 95' lang='lat' dir='ltr'> </span> 
     </span>
    </p>
   </div>
  </div>
 </body>
</html>
