3736 5160
115 229 189 311 114
273 332 277 337 ,
718 215 1139 306 *ww*

116 391 470 489 Rauenspurgenses‚
497 388 558 488 qui
583 391 801 469 dexteritate
830 392 888 467 sua
913 391 1107 490 plurimum
1132 389 1288 469 valuere.
1334 410 1407 482 ona
1429 368 1597 486 ejusdem
1618 391 1752 472 mensis

118 514 256 611 gratiae
283 510 445 585 solennes
472 512 571 585 asiae
596 511 782 607 praemisso
809 514 855 588 ad
888 514 1101 589 concionem
1133 512 1296 589 sermone
1324 510 1371 586 ad
1403 510 1564 586 incendii
1598 512 1756 591 circurn-

119 632 268 710 siantias
292 628 397 707 valde
429 632 635 707 accomodo.
699 632 1024 710 Reuerendillimus
1053 628 1273 729 epraesenti
1300 630 1457 728 periculo
1493 631 1757 711 Monasterium

120 749 366 846 contemplo
400 762 589 846 erepturus
622 749 696 828 voti
730 750 903 846 religione
930 754 963 827 se
988 750 1198 830 obstrinxit:
1239 750 1337 851 quod
1372 762 1411 828 vt
1442 751 1661 838 exsolueret,
1695 776 1757 828 ac·

122 871 290 969 neptique
316 870 480 946 beneficii
507 869 739 949 &memoria
763 871 917 948 exstaret
942 873 979 950 dr
1004 883 1304 959 monumentum,
1335 871 1559 970 antipendium
1582 868 1664 968 (src
1691 895 1758 948 vo·

122 997 233 1087 cant)
260 1013 308 1066 ex
341 989 452 1084 probo
486 1011 647 1087 puroque
680 1001 829 1086 argento
866 993 1050 1088 Augustae
1085 989 1355 1071 vindelicorum
1387 1012 1495 1086 opere
1526 989 1760 1089 anaglyptico

125 1108 258 1189 affabre
278 1109 480 1186 consessum
503 1110 561 1185 Ss.
582 1109 759 1207 sanguini
781 1114 979 1189 anathema
1002 1112 1118 1211 posuit
1140 1133 1226 1189 cum
1249 1110 1319 1187 hac
1341 1108 1595 1207 inscriptione:

324 1344 411 1427 ruo
438 1347 530 1428 osv
555 1348 725 1449 sangvls
749 1350 936 1430 tuebatur
962 1349 1121 1429 vinean
1144 1348 1190 1429 1
1212 1316 1304 1446 rgne'
1323 1346 1553 1428 oevomta

223 1585 363 1667 Vltimo
403 1587 591 1683 regiminis
623 1588 674 1663 sui
707 1610 804 1664 anno
835 1611 900 1689 pro
938 1589 1049 1666 domo
1083 1587 1154 1665 Dei
1186 1588 1378 1686 praecipue
1412 1582 1586 1662 sollicitus
1617 1579 1760 1658 Praetu

129 1733 164 1804 3.
182 1707 278 1807 Junii
305 1708 441 1783 sacrum
468 1707 643 1807 Lapidem
670 1709 715 1783 ad
744 1710 920 1805 templum
946 1707 1150 1809 parochiale
1166 1708 1334 1786 Altdorslr
1360 1731 1383 1782 a
1406 1706 1440 1783 se
1461 1730 1483 1779 1
1506 1703 1757 1780 fundamentis

129 1830 395 1925 aedificandum
420 1851 504 1904 cum
531 1829 748 1904 ceremoniis
773 1828 1010 1925 potificalibus
1034 1829 1139 1904 lixit:
1166 1828 1226 1905 sed
1250 1838 1369 1905 morte
1393 1835 1617 1922 praeuentus
1642 1822 1681 1898 id
1698 1847 1755 1898 ne·

25 2022 40 2043 ,ι
127 1948 217 2044 getii
243 1946 422 2023 successori
449 1948 604 2046 reliquit.
656 1949 751 2024 Nam
778 1947 1002 2042 Salisburg0‚
1028 1972 1099 2047 quo
1128 1970 1196 2023 111
1214 1949 1350 2049 offislens
1374 1942 1628 2025 Vniuersrtatis
1655 1943 1753 2041 9.]1·

128 2068 183 2145 uii
207 2068 383 2166 prosettus
410 2069 543 2156 fuerat,
573 2094 602 2144 1.
627 2068 712 2167 Julii
736 2070 869 2155 redux,
897 2068 1005 2145 variis
1029 2067 1328 2143 concurrentibus
1351 2064 1489 2143 morbis
1515 2063 1750 2162 consumptus

131 2188 256 2266 habita
281 2202 478 2286 antequam
503 2188 662 2286 spiritum
694 2186 881 2265 exhalaret
912 2190 959 2264 ad
991 2188 1118 2264 horam
1152 2210 1265 2284 usqne
1293 2198 1443 2282 paterna
1466 2184 1514 2260 ad
1547 2186 1632 2259 snos
1655 2207 1746 2287 'cona

71 2352 77 2369 ι
130 2308 333 2384 monitione
362 2309 489 2388 sedens
514 2309 610 2388 inter
641 2308 893 2409 discipulorum
928 2329 1060 2387 manus
1089 2306 1320 2407 placidrffine
1354 2302 1553 2384 obdormiit
1588 2327 1645 2402 13.
1668 2303 1745 2381 Non

132 2448 229 2503 11111
258 2439 361 2528 1738.
1267 2466 1271 2477 ·

508 2732 1038 2824 PLACIDUS
1115 2730 1378 2821 RENZ

695 2912 1271 2994 Asssshsxxxvllla

231 3133 350 3211 Natus
377 3130 427 3207 est
450 3130 599 3208 Sterenne
622 3129 667 3204 aas
686 3130 800 3226 sorum
816 3131 1005 3229 frigidum,
1045 3154 1119 3205 non
1143 3102 1290 3225 ignobili
1319 3129 1479 3207 Sueuiae
1510 3131 1648 3231 oppido
1671 3151 1749 3206 anno

142 3257 247 3347 rboa.
279 3275 333 3344 ro.
359 3251 448 3347 Maji
476 3252 608 3327 sacram
633 3247 741 3323 Dom.
767 3248 1206 3366 BeneditliReligiouem
1239 3249 1322 3327 heic
1346 3250 1519 3348 prosedas
1540 3276 1643 3341 anno
1668 3272 1750 3345 raro

139 3396 179 3467 o.
207 3371 391 3449 Februarii
416 3369 491 3469 post
527 3369 737 3444 sexennium
766 3392 861 3444 anno
903 3371 1073 3447 videlicet
1111 3377 1215 3468 1716.
1248 3370 1377 3447 eadem
1408 3371 1487 3459 die,
1524 3394 1600 3471 qua
1626 3384 1751 3469 patruus

141 3495 221 3592 ejus
246 3493 362 3569 noster
392 3493 431 3565 P.
455 3489 620 3565 Placidus
650 3488 753 3562 Renz
778 3487 982 3586 jubilaeum
1015 3492 1154 3568 sacrum
1185 3489 1352 3568 Helenae
1375 3488 1483 3580 fecit,
1521 3491 1596 3591 ipse
1620 3492 1752 3591 priman

142 3618 189 3693 ad
213 3616 309 3693 Aras
331 3610 484 3689 hostiam
512 3609 675 3684 sacerdos
705 3607 834 3685 litauit

239 3854 306 3935 Vir
334 3861 413 3927 erat
441 3846 673 3944 coeteroqnin
695 3849 796 3923 omni
824 3847 1050 3925 scientiamm
1074 3868 1206 3944 genere
1226 3846 1410 3932 excultus.
1435 3847 1613 3927 facundia
1633 3848 1753 3944 linguae

145 3973 355 4077 praeprimis
382 3981 522 4067 potens.
576 3965 708 4042 Docuit
739 3967 909 4063 populum
938 3968 974 4043 in
998 3969 1183 4044 Cathedra
1204 3967 1300 4044 sacra
1327 3966 1494 4064 egregius
1521 3981 1654 4045 orator.
1712 3966 1754 4039 ln·

10 4166 15 4175 .
146 4097 274 4175 struxit
299 4095 534 4192 Juuentutem
560 4085 802 4162 scholasticam
827 4085 965 4162 Rhetor
994 4087 1162 4164 omnibus
1197 4085 1359 4163 numeris
1390 4085 1588 4165 absolutus.
1654 4086 1754 4164 Primo

148 4219 186 4293 in
215 4214 340 4295 llineis
365 4233 428 4308 per
456 4231 571 4283 annos
594 4229 667 4292 non
692 4228 846 4304 paucos,
880 4218 960 4282 tum
989 4206 1027 4281 in
1058 4206 1300 4287 Vniuersrtate
1321 4204 1586 4303 Salisburgensr
1614 4205 1755 4307 publicos

148 4332 395 4433 Philosophiae
425 4330 462 4408 ἃ
487 4327 705 4423 llreologiae
740 4324 985 4402 Institutiones
1011 4325 1158 4412 habuit,
1190 4328 1386 4403 accedente
1418 4327 1484 4402 sua·
1511 4325 1679 4423 singulari
1701 4322 1757 4398 elo·

149 4454 299 4558 quentia
320 4451 518 4528 dostrinam
546 4446 642 4543 quast
667 4446 822 4532 infudit,
848 4445 957 4523 editis
980 4444 1092 4521 etiarn
1122 4445 1193 4523 suis
1216 4445 1354 4544 scriptis
1387 4445 1521 4523 clarus.
1573 4440 1755 4523 111111

149 4600 214 4678 per
245 4587 372 4654 coetus
394 4567 547 4649 mariani
570 4566 734 4657 Praeses,
757 4565 923 4665 Religiosi
947 4566 1132 4645 conuittus
1146 4565 1313 4665 Regens,
1339 4588 1382 4643 11
1399 4566 1611 4647 nobilissimi
1631 4561 1757 4691 Partho·

1668 4697 1756 4761 nonu
