3736 5160
733 114 1153 208 *maore
1370 86 1372 91 ’
1695 128 1762 202 191

235 284 337 363 Etsi
364 278 441 363 Otto
463 286 675 388 Capitulum
702 290 831 377 dc'alii
861 290 1032 388 praesidi
1061 288 1193 368 moniti
1219 287 1525 368 excommunicati
1553 285 1765 364 anathema·
1792 326 1797 337 ·

99 403 243 481 tizan
269 407 660 484 excommunicationis
693 412 729 486 da
753 409 998 487 anathematis
1031 412 1245 487 sententiam
1277 409 1432 485 nostram
1458 406 1669 504 hujusmodi
1701 427 1764 502 per

96 524 228 599 alios
256 536 333 600 tres
354 525 433 600 dies
463 528 578 604 distos
604 527 666 603 sex
688 529 767 602 dies
798 541 932 604 extunc
954 530 1168 606 immediate
1200 528 1361 628 sequenti
1390 528 1513 603 animo
1542 527 1639 623 quod
1676 522 1764 599 abiit

96 642 366 718 sustinuerint
397 644 598 731 obstinato,
644 645 804 722 similiter
830 640 1003 725 exnunc
1025 660 1133 747 prout
1161 659 1323 724 extunc
1358 646 1434 743 pari
1462 645 1608 722 scientia
1636 644 1674 720 dc
1701 665 1764 717 au·

96 762 304 842 Etoritate
325 761 518 840 Eccleham
542 786 584 839 ac
608 763 808 843 ciuitatem
831 766 874 843 dc
895 767 1080 844 Dioecefin
1106 766 1423 843 Constantiensem.
1495 766 1575 842 Nec
1595 786 1669 837 non
1695 762 1766 837 Eo·

96 880 260 957 :letias
287 880 505 958 Monalleria
526 882 564 959 ἃ
587 883 658 957 alia
684 882 783 972 loca,
824 887 869 961 ad
893 909 987 983 quae
1010 888 1163 963 eosdem
1189 884 1525 960 excommunicatos
1553 883 1764 960 anathema·

96 1001 271 1077 tizatos
294 999 477 1075 declinare
500 1013 564 1076 aut
591 1002 765 1080 deuenire
788 1004 997 1101 contigerit,
1032 1002 1277 1081 Ecclesiastico
1302 1002 1532 1100 supponimus
1555 1001 1763 1090 interdicto,

96 1119 173 1197 ita
207 1130 254 1194 vt
288 1142 334 1192 eo
366 1119 521 1194 durante
552 1118 642 1195 inihi
675 1134 926 1223 praeterquam
951 1123 989 1199 in
1027 1122 1279 1201 felliuitatibus
1309 1127 1347 1200 dr
1377 1123 1514 1199 cahbus
1543 1121 1666 1216 ajure
1685 1140 1765 1215 per·

96 1238 262 1324 millis,
306 1236 508 1315 &inillis
537 1240 726 1315 dundaxat
748 1240 875 1316 clausis
899 1242 1043 1338 januis.
1086 1244 1125 1321 da
1145 1240 1472 1317 excommunicatis
1503 1243 1540 1318 da
1563 1237 1764 1315 intendistis

96 1354 306 1439 excidas,
334 1378 378 1428 ac
397 1354 566 1432 'submissa
591 1380 697 1443 voce,
733 1380 792 1434 ex·
809 1361 941 1457 quouis
963 1361 1076 1439 etiam
1103 1358 1310 1456 Apostolico
1334 1356 1540 1457 priuilegio,
1567 1356 1682 1434 etiam
1706 1379 1765 1432 or·

96 1476 289 1555 dinibus
313 1472 405 1548 locis
435 1473 491 1551 vel
520 1477 680 1572 personis
704 1480 887 1566 concello,
935 1479 1061 1556 Missae
1088 1478 1145 1557 vel
1173 1478 1245 1553 alia
1266 1479 1385 1556 officia
1427 1476 1554 1553 diuina
1579 1486 1764 1572 nequeant

96 1591 317 1675 celebrari.
367 1592 601 1691 Eosdemque
625 1599 961 1675 excommunicatos
985 1600 1022 1676 a
1051 1597 1396 1687 anathematizatos,
1433 1596 1459 1670 si
1484 1594 1681 1693 Episcopali
1706 1593 1764 1671 vel

96 1716 197 1794 alia
228 1710 367 1809 majori
398 1711 641 1789 Ecclesiastico
676 1715 857 1810 dignitate
881 1715 1129 1815 praefirlgeant
1151 1740 1173 1791 a
1197 1718 1336 1793 suarum
1359 1702 1596 1793 Ecdesiarum
1618 1711 1765 1809 regimi-

96 1835 259 1921 nibus,
301 1834 341 1910 ἅ
366 1830 733 1909 administrationibus
761 1833 1017 1931 suspendimus.
1087 1835 1193 1912 Alios
1214 1858 1299 1912 vero
1322 1834 1510 1910 inferiores
1537 1835 1582 1909 ab
1609 1833 1664 1910 eis
1692 1833 1760 1911 Ec·

102 1952 346 2032 cleiaadicos
368 1950 406 2028 ἀ
429 1948 602 2026 seculares
627 1948 911 2028 canonicatibus
947 1955 985 2032 dc
1007 1953 1224 2031 Praebendis
1250 1950 1487 2049 dignitatibus
1511 1950 1762 2030 Personatibus

122 2069 519 2152 Administrationibus
546 2072 584 2148 dt
610 2068 767 2159 Officiis,
790 2070 1034 2162 Monasleriis,
1070 2042 1321 2163 Primitiae,
1345 2070 1620 2172 Praeposituris,
1655 2069 1761 2147 Prae·

108 2190 321 2291 capnitis,
360 2190 562 2288 ceterisque
592 2188 790 2267 Beneficiis
820 2189 1078 2281 ecclesiasticis,
1113 2191 1341 2270 secularibus
1371 2194 1410 2271 dc
1437 2192 1658 2289 regularibus
1684 2191 1762 2289 qui·

100 2316 350 2409 hucusque
385 2309 504 2384 seudis
526 2307 665 2404 juribus
701 2309 963 2388 honoribus&
991 2311 1188 2389 mundanis
1217 2312 1457 2410 dignitatibus
1486 2312 1760 2411 quibuscunque

96 2450 226 2535 qnae
252 2453 324 2505 eos
347 2439 436 2502 tunc
468 2425 629 2502 obtinere
652 2388 1065 2531 contigeritiil'raesata
1087 2431 1314 2509 Austoritate
1341 2435 1378 2511 de
1407 2457 1454 2507 ex
1477 2430 1585 2507 simili
1615 2428 1761 2505 scientia

96 2555 333 2659 priusnos.
382 2546 432 2622 Et
452 2547 500 2622 ad
527 2544 588 2621 illa
618 2550 656 2625 dc
683 2549 753 2624 alia
781 2524 1011 2649 imponetur
1034 2551 1251 2636 obtinenda,
1292 2573 1460 2626 necnon
1487 2553 1532 2624 ad
1556 2548 1760 2626 testandum

103 2676 166 2753 ἅ
197 2668 387 2768 quoslihet
415 2664 598 2761 legitimos
634 2669 733 2744 astus
771 2668 978 2746 laciendum
1005 2667 1295 2756 inhabilitamus‚
1334 2669 1628 2769 priuatosque&
1658 2668 1759 2745 inha-

109 2790 297 2869 bilitatos
323 2785 582 2863 essevolumus
611 2810 655 2861 eo
682 2785 764 2884 ipso.
830 2787 873 2862 Si
898 2811 985 2867 vero
1008 2785 1154 2887 suspenh
1178 2788 1485 2864 excommunicati
1519 2787 1759 2865 anathemati·

123 2907 224 2996 zati,
277 2904 410 3006 priuati
447 2908 485 2984 dc
519 2903 738 2981 inhabilitati
767 2905 935 3005 praedisti
964 2906 1131 2982 nolentes
1169 2907 1208 2983 iu
1241 2906 1378 2983 semitis
1414 2904 1571 3004 justitiae
1606 2908 1759 3003 dirigere

132 3026 266 3123 pessus
295 3026 376 3102 suos
399 3025 437 3102 dc
464 3026 512 3101 acl
540 3046 602 3099 cor
628 3027 781 3115 reuerti,
816 3048 860 3101 ac
880 3026 1025 3103 veniam
1048 3038 1189 3123 petere,
1230 3029 1266 3105 a
1296 3025 1559 3125 poenitentiam
1581 3048 1687 3122 agere
1711 3030 1760 3107 de

139 3146 346 3244 praemissis,
385 3142 447 3220 sub
469 3142 684 3235 huiusmodi
709 3144 937 3243 suspensionis
959 3146 1346 3222 excommunicationis
1378 3147 1621 3222 anathematis
1647 3145 1758 3222 inter·

145 3264 455 3364 impanationis
479 3267 518 3342 dc
545 3260 847 3339 inhabilitationis
878 3263 1097 3344 censuris&
1133 3266 1279 3364 poenis,
1325 3276 1494 3364 proterua
1519 3264 1757 3339 obstinatione

148 3404 196 3480 par
221 3387 315 3463 alios
341 3394 415 3460 tres
438 3383 538 3473 dies,
575 3404 623 3457 ex
649 3394 737 3459 tunc
765 3383 976 3459 immediate
1002 3387 1162 3482 sequenti
1190 3408 1404 3485 permanere
1427 3409 1497 3460 non
1528 3384 1758 3482 expauerinb

150 3524 183 3580 cx
201 3527 301 3582 nunc
331 3514 439 3601 prout
460 3527 508 3577 ex
532 3512 620 3578 tunc
649 3502 754 3600 laphs
786 3502 923 3581 ultimis
947 3503 1197 3601 posterioribus
1217 3505 1332 3581 tribus
1363 3505 1508 3588 diebus,
1545 3503 1686 3578 eisdem
1711 3526 1759 3576 ex

151 3618 236 3701 initi
265 3622 445 3699 sententia
471 3624 508 3699 dc
537 3622 751 3699 austorltate
771 3644 837 3695 eos
874 3623 1142 3717 aggrauationis
1182 3626 1220 3702 da
1250 3624 1557 3719 reaggrauationis
1596 3621 1758 3697 censura·

152 3760 216 3822 mm
246 3746 285 3823 da
319 3762 517 3841 poenarum
551 3741 811 3838 praedidarum
833 3763 875 3817 ac
897 3764 981 3817 cum
1007 3742 1152 3817 Dathan
1176 3742 1214 3819 dt
1236 3742 1393 3828 llbiron,
1424 3766 1516 3839 quos
1538 3741 1642 3816 uiuos
1665 3754 1760 3817 terra

151 3860 328 3950 usorhuit,
373 3859 637 3939 maledittionis
672 3871 840 3935 aeternae
876 3864 913 3938 dt
950 3875 1144 3958 perpetuae
1184 3860 1432 3937 damnationis
1467 3884 1641 3937 mucrone
1670 3860 1760 3956 liga·

151 4000 235 4073 uus,
278 3982 320 4059 ὅ(
342 3980 475 4077 ligatos
499 4002 542 4055 ac
565 3979 722 4055 irretitos
749 3982 787 4059 dt
816 3981 1011 4055 innodatos
1035 3982 1103 4055 else
1123 3980 1350 4056 decreuimus
1382 3979 1454 4078 ipso
1476 3980 1579 4056 fatto.
1652 3984 1758 4059 Man·

151 4100 263 4184 liunus
296 4102 359 4177 sub
392 4100 564 4178 similibus
600 4099 757 4176 censuris
794 4100 832 4179 dt
867 4100 996 4199 poenis
1029 4101 1298 4197 quibuscunque
1337 4100 1609 4176 Cathedralium
1644 4101 1756 4181 etiam

150 4218 494 4320 lletropolitanaruni¹
514 4220 571 4296 vel
598 4220 878 4314 collegiatarum
901 4218 1114 4297 &aliarum
1146 4219 1382 4294 Ecclesmrum
1411 4218 1585 4295 Praelata
1610 4221 1761 4317 Capitu-

151 4333 408 4421 thanonicis
440 4340 669 4424 Reaoriuus,
727 4339 765 4416 dr
801 4340 963 4414 Personis
992 4338 1072 4412 aliis
1102 4337 1372 4424 Ecclesiasticis,
1414 4337 1478 4436 qui
1513 4340 1661 4436 desuper
1694 4362 1758 4435 pro

153 4476 233 4552 tute
268 4462 356 4541 didi
394 4462 548 4537 mnan
574 4458 742 4558 Episcopi
765 4457 901 4537 suerint
938 4460 1117 4559 requisiti,
1166 4471 1207 4539 vt
1234 4457 1273 4533 iu
1299 4458 1467 4536 Eccleliis
1493 4459 1689 4538 dominicis
1721 4464 1761 4540 dc

1660 4580 1760 4657 festis
