3736 5160
639 332 642 341 1
703 266 1065 359 *eomes
1160 226 1170 243 “
1242 338 1247 349 «
1411 358 1414 365 ,
1503 283 1505 287 ·
1625 213 1700 361 sos

78 454 216 524 etente
250 443 381 520 eodem
408 440 619 519 Archiduce
639 466 661 517 e
684 400 900 522 binnasterio
928 446 1040 560 Apri,
1065 443 1173 542 vulgo
1198 442 1428 545 Ebrrmonjler'
1454 443 1494 522 in
1526 444 1700 529 coenobio
1747 448 1751 454 ’

78 569 188 646 rostro
214 561 428 662 regulariter
456 563 663 641 instituendi
691 565 839 671 suscepti
868 563 960 643 sunt,
1085 575 1089 584 '

173 805 233 882 lx
259 803 371 880 Anno
409 811 512 902 1024.
556 827 611 896 13.
645 804 827 904 Februarii
857 808 897 884 Ρ.
925 803 1083 912 Joonms
1114 804 1303 883 Fridericns
1343 805 1492 906 Ongmnr
1524 804 1626 882 Prior
1663 802 1702 880 in

78 923 245 1005 schuttera
273 938 402 1019 rogatu
423 924 497 1019 jam
531 924 618 1001 diei
651 926 870 1001 Archiducis
901 951 965 1024 pro
997 924 1190 1024 Disciplina
1226 926 1442 1003 addiscenda
1476 923 1702 1024 aliquamdiu

78 1048 164 1146 rpud
189 1070 258 1121 nos
285 1056 556 1134 commoratus,
581 1045 801 1145 amplissimis
819 1047 947 1144 gratiis
968 1045 1119 1131 habitis,
1143 1048 1297 1126 domum
1322 1049 1526 1125 reuertitur.

173 1283 219 1361 X.
243 1283 387 1381 Eodem
412 1307 510 1361 anno
534 1283 653 1370 desa.
686 1284 852 1384 ejusdem
877 1285 1011 1364 Mensis
1036 1283 1096 1361 die
1120 1285 1246 1363 Abbas
1278 1282 1316 1363 S.
1339 1283 1434 1362 Petri
1460 1286 1531 1362 huc
1552 1285 1702 1365 veniens
1734 1312 1736 1320 ’
1795 1358 1804 1375 ,

78 1428 190 1481 rouos
216 1427 238 1479 e
269 1403 386 1481 Viena
418 1403 536 1480 nostra
570 1406 617 1481 ad
649 1404 747 1482 suam
781 1408 942 1484 Colonos
974 1406 1090 1505 petiit.
1142 1407 1222 1491 Quo
1258 1428 1291 1503 7.
1320 1404 1409 1501 Maii
1451 1404 1521 1482 PP.
1558 1407 1702 1483 Moeno

78 1525 232 1624 Boldung
255 1522 383 1611 Prior,
419 1522 641 1623 Hieronymus
673 1525 824 1603 Iluinosrl
858 1527 936 1602 RR.
965 1525 1113 1602 Patrum
1151 1525 1397 1627 Confefflrriur,
1440 1517 1702 1604 br‘Domieicos

78 1636 225 1744 [cymen
257 1643 469 1720 Nmitiomm
499 1645 663 1747 Magister
697 1647 834 1724 ibidem
874 1646 996 1727 futuri,
1087 1645 1148 1720 XI.
1175 1646 1315 1722 Eodem
1342 1669 1464 1730 anno,
1499 1647 1701 1743 eodemque

78 1766 127 1843 lie
160 1767 199 1843 &
216 1787 265 1843 ex
281 1764 411 1839 eadem
438 1765 541 1840 causa
565 1763 689 1842 Abbas
712 1765 750 1844 S.
788 1765 967 1866 Tnnlperri
991 1766 1063 1842 huc
1088 1764 1231 1841 delatus
1256 1766 1414 1845 obtinuit
1438 1762 1702 1842 Persarum

78 1884 258 1988 ieffering,
285 1882 499 1960 Bernordum
528 1883 629 1978 Han,
662 1888 700 1964 dt
734 1910 794 1962 me
817 1884 1035 1979 (Gabrielem
1068 1885 1290 1984 Bucelinum)
1323 1886 1554 1963 Nouitiorum
1585 1887 1700 1984 Magi·
1792 1877 1809 1885 ”

78 2006 179 2082 trum
211 2003 346 2083 Ibidem
372 2003 653 2083 constituendos.
702 2005 869 2105 Septima
889 2004 950 2084 die
971 2005 1064 2106 Maji
1085 2030 1169 2085 cum
1192 2005 1257 2097 iis,
1283 2008 1344 2108 qui
1361 2008 1408 2086 ad
1428 2006 1616 2088 &Petrum
1636 2009 1701 2086 de·
1782 2048 1786 2067 ι

78 2124 192 2205 binati
217 2123 314 2211 sunt,
340 2124 570 2203 discessrmus.

167 2363 271 2442 Adeo
297 2362 380 2439 sane
399 2364 577 2460 Georgius
599 2365 722 2443 Abbas
748 2367 871 2463 noster,
889 2366 927 2445 in
953 2367 1223 2447 reformationis
1248 2391 1339 2467 opus
1364 2320 1701 2467 (quemadmodum
1817 2338 1822 2345 ,

78 2508 226 2562 maeuus
250 2485 411 2583 Scriptor
436 2486 667 2583 concludit,)
690 2488 871 2577 incubuit,
897 2499 937 2566 vt
961 2489 1290 2567 Reuerendissrmus
1316 2488 1511 2587 Episcopus
1533 2484 1701 2594 Seboflns·
1835 2554 1839 2564 .

78 2611 125 2694 ss,
152 2605 192 2684 dr
223 2604 482 2701 saffraganeus
512 2605 793 2721 constantiensis
816 2607 974 2713 joonnes
1001 2607 1157 2713 ρἹαιοὺω
1183 2609 1363 2709 Mirgeliur
1392 2638 1461 2704 eum
1481 2610 1566 2711 suae,
1595 2613 1700 2707 Dior·
1824 2697 1829 2707 ¹

77 2731 144 2830 :ests
168 2725 432 2824 Reformatorem
461 2727 670 2822 adpellaret.
721 2717 844 2817 Quum
875 2729 985 2823 igitur
1011 2752 1158 2818 omnes,
1180 2730 1370 2826 praecique
1396 2730 1543 2831 Ordinis
1569 2733 1606 2807 S.
1629 2733 1700 2808 Be·

78 2845 202 2924 rediiii
246 2845 408 2922 abbates
440 2845 620 2943 Exemplo
656 2846 801 2941 Georgii
834 2846 962 2933 dusii,
1001 2846 1134 2946 lapsam
1173 2850 1435 2946 propemodum
1468 2850 1699 2951 Disciplinam
1772 2934 1776 2939 ,

78 2970 117 3044 td
151 2964 336 3064 pristinam
366 2988 537 3042 reuocare
571 2966 799 3043 seueritatem
830 2965 1103 3056 adlaborarent,
1142 2967 1181 3042 in
1216 2958 1545 3064 congregationem
1569 2994 1591 3046 a
1615 2970 1699 3046 Cle·

78 3100 195 3167 neate
224 3085 313 3163 illis.
338 3087 574 3184 adprobatam
598 3087 785 3182 congressi,
810 3086 949 3186 saepius
978 3087 1016 3162 in
1044 3087 1172 3168 Vineis
1199 3086 1327 3164 nostris
1362 3102 1629 3179 conuenerunt,
1657 3090 1694 3169 bs

78 3222 112 3288 rt·
131 3205 367 3304 aequabilitas
394 3206 535 3284 cumin
564 3206 692 3284 Officio
713 3208 858 3293 diuino,
885 3219 966 3284 tum
991 3209 1029 3284 in
1053 3207 1154 3285 omni
1175 3207 1419 3284 Oeconomiae
1440 3231 1571 3303 genere
1599 3211 1696 3300 esset,

78 3330 208 3407 redum
234 3329 280 3403 de
307 3326 632 3404 constitutionibus
663 3329 887 3416 condendis,
920 3328 1116 3404 sedetiam
1142 3329 1189 3405 de
1212 3326 1402 3405 Breuiario
1425 3329 1697 3426 corrigendo&

78 3449 312 3548 mpsimendo
329 3447 487 3544 cogitare
504 3459 711 3546 coeperunt.
760 3449 865 3532 Quod
884 3459 1071 3546 atrumque
1085 3448 1468 3546 austorepraesertim,
1496 3454 1534 3530 dr
1549 3451 1697 3530 Promo·

78 3587 149 3648 tore
176 3569 379 3666 Hieronymo
404 3567 528 3671 Comite
555 3567 594 3645 de
622 3566 741 3645 Portis
766 3567 912 3644 Nuncio
938 3569 1146 3669 apostolico
1164 3568 1305 3667 egregie
1324 3570 1584 3671 praestiterunt,

167 3811 220 3890 Vt
242 3821 367 3886 autem
392 3806 562 3894 Fabrica,
587 3830 697 3908 quam
723 3805 927 3884 construere
954 3807 1169 3886 moliebatur
1194 3811 1316 3888 Abbas
1342 3813 1476 3896 noller,
1508 3811 1613 3889 firmo
1639 3810 1696 3889 ni-

78 3942 225 4017 ceteros,
253 3932 290 4007 br
316 3929 427 4004 stabili
453 3928 725 4014 Fundamento,
758 3929 839 4003 suos
869 3925 1066 4023 Religiosos
1088 3929 1190 4006 omni
1214 3931 1442 4007 scientiamm
1471 3952 1603 4026 genere
1631 3910 1694 4030 pro

78 4054 333 4148 cujuscumque
356 4063 463 4146 captu
484 4049 597 4126 imbui
619 4049 755 4136 voluit,
778 4049 918 4133 sciens,
944 4047 1109 4126 indoilos
1132 4049 1313 4126 difficilius
1338 4053 1384 4160 ad
1405 4052 1551 4127 Bonum
1578 4051 1693 4139 trahi,

78 4173 170 4272 quod
192 4171 383 4266 ignorant,
408 4170 598 4250 &otiosos
621 4193 821 4267 numquam
841 4167 879 4242 in
904 4191 948 4243 eo
970 4168 1198 4254 confirmari,
1225 4172 1322 4267 quod
1352 4169 1568 4247 auersantur.
1593 4167 1695 4258 'Qua

78 4294 119 4373 ie
143 4291 247 4368 causa
271 4291 408 4367 nedum
432 4290 504 4388 ipse
527 4291 669 4367 Fratres
698 4291 780 4366 suos
805 4289 853 4365 ad
884 4302 1017 4365 exteros
1047 4288 1266 4376 Academias,
1296 4293 1333 4368 u
1358 4289 1551 4387 praecipue
1577 4291 1694 4366 Disie-

78 4439 195 4516 gonam
220 4423 299 4487 tum
323 4409 593 4489 celeberrimam
618 4410 735 4498 misit,
760 4412 798 4488 δι
829 4412 981 4488 domum
1006 4407 1166 4486 reuersas
1201 4410 1249 4485 ad
1279 4409 1498 4486 instituenda
1532 4413 1694 4509 quotidie

78 4536 118 4611 le
143 4531 251 4607 rebus
272 4530 458 4608 litterariis
482 4532 671 4630 Colloquia
694 4533 833 4626 adegit,
854 4532 914 4606 sed
936 4540 1081 4608 certam
1098 4552 1241 4628 quoque
1266 4530 1498 4628 pecuniarum
1519 4532 1696 4610 summam
1819 4584 1822 4589 -

78 4652 275 4741 :onstituit,
308 4674 401 4752 quae
424 4651 570 4749 fingulis
598 4651 704 4729 annis
733 4653 780 4729 ad
810 4649 1054 4730 scientiarum
1086 4650 1125 4730 bc
1152 4649 1417 4769 Bibliothecae
1427 4650 1692 4734 incrementum

823 4769 888 4849 Zz
913 4797 936 4868 3
1136 4845 1143 4851 .
1336 4836 1341 4844 .
1625 4771 1697 4851 im*
