3736 5160
118 236 188 315 224
241 224 245 228 ’
720 214 1140 308 *mma

212 392 292 477 Nec
315 394 468 481 mirum,
507 415 572 469 cur
599 391 765 467 Romana
788 391 900 466 Curia
933 391 1144 471 Genvicum
1166 393 1261 468 tanti
1284 393 1429 480 fecerit.
1464 404 1591 495 vtpote
1624 396 1704 473 viru

117 518 165 594 de
189 516 379 611 Religione
401 512 581 589 catholica
604 523 793 607 tantopere
814 511 996 586 meritum.
1053 511 1137 587 Non
1163 511 1264 589 enim
1287 512 1360 610 ipse
1384 514 1498 593 solum
1524 514 1678 593 dinersn
1704 568 1707 575 -

116 635 208 712 iocis
233 634 425 710 cathedras
447 630 674 712 conscendit.
721 638 882 703 errantes
913 630 960 703 ad
985 628 1081 703 nuile
1105 628 1236 706 Christi
1259 632 1501 720 redutturus,
1546 633 1609 709 sed
1630 634 1707 710 etia

117 757 162 832 ab
186 753 323 829 Ottone
351 750 543 828 cardinale
574 747 810 844 &Episcopo
839 744 1050 840 augustano
1077 745 1293 825 Professores
1331 773 1366 844 5.
1387 750 1488 848 Junii
1510 775 1610 829 auno
1640 774 1708 845 155

45 901 51 912 ·
116 872 240 970 petiit,
265 870 327 969 qui
356 868 598 944 Parochorum
621 888 773 942 munere
797 867 897 960 liangi
922 889 1007 942 cum
1030 866 1147 943 sruttu
1170 867 1324 962 pollent,
1358 869 1446 968 quin
1468 869 1584 947 immo
1610 877 1708 967 (qua

117 1006 198 1068 tum
222 990 372 1089 quidem
396 1012 443 1061 ex
467 984 640 1063 Friderici
664 983 828 1080 Episcopi
856 982 1068 1062 Viennenfia
1090 982 1240 1061 Litteris
1263 987 1420 1064 adeum
1443 987 1540 1064 datia
1562 989 1708 1085 conjett

118 1135 157 1186 re
179 1110 296 1204 licet)
326 1106 475 1204 ipsemet
502 1124 587 1182 cum
610 1102 869 1179 Melanchtone
899 1106 937 1181 dt
971 1103 1113 1180 Bucero
1142 1104 1347 1208 congressus
1366 1105 1427 1182 eii.
1492 1106 1577 1183 Hac
1598 1110 1708 1184 ratior

119 1232 249 1307 donus
267 1226 357 1302 otto
380 1223 584 1301 Cardinalis
605 1224 645 1317 *)
675 1223 713 1298 dr
736 1220 934 1318 Episcopus
957 1220 1176 1316 augirstanua
1198 1222 1296 1300 Eum
1312 1224 1516 1320 Religionis
1539 1223 1709 1303 catholic

118 1348 273 1423 fulcrum
295 1366 339 1419 ac
363 1343 530 1419 columen
554 1345 760 1422 vocandum
782 1341 930 1417 censue
978 1339 1077 1418 Hinc
1101 1341 1233 1426 fiebat.
1258 1352 1298 1419 vt
1322 1344 1461 1420 nedum
1483 1343 1651 1443 plerique
1673 1346 1709 1423 ln

119 1466 209 1564 perii
233 1464 345 1540 statam
367 1461 426 1556 aa)
463 1452 752 1537 aNouatoribus
783 1459 881 1556 prelli
913 1458 1062 1536 Geraici
1092 1459 1203 1536 nostri
1233 1472 1298 1538 aut
1327 1484 1436 1557 opem
1467 1474 1533 1539 aut
1553 1462 1709 1541 wilini

119 1583 372 1681 implorarent.
411 1581 470 1657 sed
496 1577 558 1677 ipsr
581 1579 693 1655 etiarn
718 1577 897 1655 Ecdesrae
922 1578 1137 1657 Defensores
1166 1600 1255 1657 eum
1275 1581 1419 1655 suarum
1449 1578 1709 1659 lucubratiouur

119 1708 319 1779 Patronem
349 1710 573 1796 quaererent.
648 1697 729 1772 Hos
762 1696 858 1772 inter
887 1710 993 1773 erant
1022 1695 1248 1794 Augustinus
1277 1698 1418 1776 Marius
1448 1700 1488 1775 S.
1520 1699 1709 1797 Theologir

118 1824 269 1906 Dotior⁹
299 1819 513 1896 salonarum
540 1817 753 1916 Episcopus,
782 1816 820 1892 dt
839 1813 1097 1912 Suffraganeua
1118 1815 1382 1914 Herbipolensrs
1406 1830 1478 1894 etc.
1504 1831 1621 1917 atque
1637 1818 1709 1919 Joar

118 1966 184 2018 nes
207 1939 412 2017 Cochlaeus
439 1936 608 2033 ejusdem
631 1935 815 2012 sanantis
841 1935 988 2023 noan,
1025 1935 1063 2011 dt
1085 1935 1295 2012 eanonicus
1324 1936 1438 2013 Chori
1460 1936 1500 2015 S.
1528 1939 1709 2017 wnnibal

118 2065 156 2136 in
184 2059 422 2137 Aichiletten.
484 2056 556 2132 Hic
578 2056 679 2133 suum
708 2066 837 2132 coam
860 2054 1063 2133 Musculum
1086 2056 1279 2133 hasnum
1301 2055 1436 2131 Abmti
1467 2056 1592 2134 nostro
1624 2060 1710 2135 conl

118 2181 254 2266 orauit,
276 2179 383 2277 eique
408 2177 506 2253 dono
530 2172 635 2254 misit.
707 2177 772 2253 Ad
795 2196 906 2273 quem
929 2174 1106 2253 Gentem
1137 2173 1296 2250 Litteras
1326 2174 1432 2254 dedit
1455 2176 1519 2253 his
1544 2190 1710 2279 eonoepu

118 2300 256 2378 uerbisz
309 2350 328 2383 „
340 2298 478 2371 Sotaden
500 2297 546 2383 8
569 2303 706 2370 adm
728 2297 770 2369 ad
789 2294 910 2390 passast
931 2291 1339 2390 obsqur'sprapmspsmrm,
1376 2304 1485 2391 apion
1517 2292 1642 2373 &ilar
1676 2298 1710 2373 D

119 2429 229 2507 ,‚mon
259 2420 302 2505 θ’
329 2413 445 2490 amice
469 2412 785 2496 obseruantilhme,
822 2432 908 2486 cum
936 2411 1012 2508 iam
1038 2411 1219 2491 accinstus
1243 2434 1344 2488 eram
1366 2413 1489 2487 itineri
1513 2414 1710 2494 Vurmatlru

120 2537 288 2629 „versus
327 2534 424 2609 Ecce
446 2544 508 2607 tue
532 2531 652 2607 littere
676 2553 749 2606 vna
778 2550 862 2606 cum
885 2529 1090 2607 defensione
1117 2541 1182 2605 tua
1209 2531 1257 2605 de
1276 2531 1473 2609 sacerdotio
1501 2535 1540 2611 n
1570 2534 1710 2611 sacrific

121 2680 249 2744 „noue
278 2655 367 2747 legia
391 2666 517 2727 contra
538 2647 721 2726 Musciculi
743 2648 1011 2725 concionatoris
1025 2647 1210 2742 augendaei
1229 2648 1412 2727 bimones
1430 2652 1525 2728 Mihi
1549 2653 1710 2731 dedicate

121 2786 232 2866 ‚'‚cum
255 2773 470 2871 quibusdam
491 2771 603 2845 etiam
620 2769 878 2867 appendicibus
905 2791 967 2864 per
985 2767 1204 2864 presentium
1224 2767 1377 2845 latorem
1399 2770 1641 2858 aduoimuut,
1663 2796 1710 2871 qu

121 2901 220 2983 „bus
244 2892 359 2968 obiter
380 2892 418 2967 δι
439 2888 536 2990 quast
561 2911 624 2987 per
652 2889 882 2964 umsennam
904 2888 1096 2967 dumtaxat
1118 2885 1218 2972 vifis,
1260 2890 1457 2965 admodum
1484 2906 1593 2984 grato
1619 2894 1711 2968 anim

122 3013 311 3109 ‚‚arrepille
347 3009 558 3108 ingentique
593 3032 653 3085 me
686 3008 819 3102 gaudio
852 3005 1075 3092 exhilaratio,
1114 3029 1161 3081 ue
1188 3006 1351 3093 dubites,
1396 3011 1434 3085 dr
1469 3030 1545 3104 quo
1583 3011 1710 3108 panim

122 3131 412 3230 ,‚introspexero,
447 3128 517 3202 hoc
541 3126 656 3221 tnagis
682 3124 772 3201 mihi
800 3124 927 3223 planet
974 3120 1088 3206 Turn.
1121 3125 1205 3219 quia
1226 3126 1268 3201 id
1296 3124 1441 3218 tragicis
1470 3126 1549 3205 istis
1574 3129 1710 3227 precipu

123 3258 193 3344 „31
219 3253 325 3349 plane
350 3245 603 3323 comiserandis
633 3243 856 3342 temporibus
884 3242 1107 3337 summopere
1140 3242 1183 3318 ht
1209 3241 1461 3329 necessarium,
1499 3260 1605 3333 tum,
1643 3268 1711 3345 quo

123 3372 329 3469 „ejusmodi
354 3382 417 3465 tue
441 3363 709 3439 lucubrationes
736 3375 777 3438 vt
805 3363 886 3437 sunt
911 3358 1130 3437 validilsmris
1158 3363 1382 3455 argumentis
1406 3375 1519 3463 atque
1537 3380 1711 3441 erratorur

124 3486 460 3584 „confutationibus
488 3482 580 3560 mira
599 3481 802 3558 eruditione
820 3481 943 3579 plene,
969 3479 1020 3556 ita
1041 3502 1130 3579 pura
1156 3480 1334 3555 catholica
1358 3484 1512 3559 veritate
1532 3485 1711 3583 ssnoetaqu

1554 3628 1711 3701 „euangt

164 3852 198 3932 a)
221 3848 370 3912 &meram
401 3846 433 3904 su
463 3832 591 3905 nmen
618 3836 757 3903 chorium
786 3836 956 3903 uenerabilis
980 3855 1015 3903 ac
1041 3836 1171 3923 religiose
1195 3836 1277 3903 cobis
1296 3838 1407 3925 statera
1432 3836 1540 3907 ἀῦσαι.
1592 3844 1659 3913 Wir
1678 3846 1712 3909 ba

205 3958 265 4021 ben
305 3982 355 3999 -
395 3982 446 3997 —
489 3946 693 4029 ampsangeu,
727 3947 791 4009 und
812 3949 922 4011 darana
950 3946 1046 4011 Ewer
1076 3966 1179 4028 gegen
1207 3947 1330 4013 vnserer
1358 3949 1490 4014 wahren
1517 3946 1711 4015 Cathaliscbe

207 4060 351 4143 Religion
375 4055 567 4132 bestendigen
596 4064 713 4134 guetcn
733 4052 829 4122 Eiser,
864 4054 958 4116 daran
987 4052 1045 4117 wir
1064 4056 1115 4116 nie
1135 4052 1296 4138 millet,
1333 4053 1442 4119 sunder
1465 4053 1560 4120 Eucb
1587 4058 1712 4138 J'ederae

202 4167 250 4233 fiir
270 4167 317 4230 ain
338 4160 507 4225 standhasre
530 4158 609 4222 selsel
628 4157 731 4223 vosers
754 4155 873 4221 Christl.
895 4157 1045 4240 glaubeua
1070 4159 1241 4243 gehalteo.
1281 4160 1364 4225 auch
1386 4160 1501 4229 vester
1517 4160 1650 4245 gespurt,
1668 4184 1712 4227 vn

206 4295 247 4343 zu
265 4271 393 4339 sondern
415 4266 546 4349 gesallen
568 4283 749 4330 vemomen.
795 4263 911 4328 Datum
935 4263 1016 4333 Rom
1036 4285 1089 4331 am
1107 4283 1140 4351 3.
1163 4275 1218 4350 ng
1242 4266 1343 4334 Mutii
1362 4286 1445 4334 auno
1465 4276 1527 4335 etc.
1548 4265 1601 4337 61.
1636 4268 1712 4338 Etr·

205 4392 298 4468 guter
316 4376 426 4443 Fralnd
447 4373 486 4439 Ο.
509 4370 599 4437 carc
619 4368 907 4454 &Eposogna

162 4594 212 4676 ⁸⁸)
232 4584 384 4675 Abbatiffia
404 4584 594 4671 slrgbacmfir
616 4598 708 4665 1544.
741 4576 893 4665 Ablotiffli
916 4577 1112 4671 Seffltngesfis
1133 4580 1227 4666 1546.
1267 4578 1485 4667 Biirraceoscs,
1507 4580 1712 4671 Mmsageosoa

203 4692 627 4784 cnoapnnnnsesen.1547.
668 4683 821 4775 Abbatifflt
839 4680 1055 4775 Lindardoyss'
1062 4702 1156 4774 1557,
1293 4734 1297 4743 .
