3736 5160
633 140 1167 304 &memo
1661 217 1728 300 105

329 352 940 495 ¹1³'un1rrcnc10
1000 393 1039 476 s.
1101 392 1372 478 maara
1430 391 1486 474 u.

202 570 277 654 Que
313 566 340 644 sr
378 568 472 646 infra
505 568 617 647 LXX.
647 568 805 647 occurrit
832 581 977 668 propter
1005 562 1087 645 hoc¹
1106 590 1182 646 non
1222 570 1273 646 est
1318 569 1560 649 dimittendus
1599 577 1729 646 cantus
1761 614 1765 623 .

131 688 231 789 pide
251 687 448 765 natiuitate
483 688 624 767 domim
659 689 732 764 huc
761 689 812 770 est
836 691 1033 765 translatus
1063 688 1137 765 fiue
1163 689 1202 765 in
1228 690 1353 786 ymnis
1384 689 1457 765 srue
1487 688 1525 764 in
1558 678 1725 774 cantici's,

128 811 182 885 ine
203 809 239 883 in
262 809 407 906 vespere
437 808 596 907 psalmis.
628 852 678 866 -·-
715 853 760 867 -
791 852 840 868 -
880 809 920 885 Si
944 807 1038 886 infra
1059 809 1170 886 LXX.
1197 810 1289 886 istud
1317 810 1447 887 festum
1468 808 1640 896 occurrit,
1681 810 1730 885 ad

126 928 255 1028 priorem
283 926 425 1005 midam
459 922 587 1005 Trauos
609 953 683 1004 non
710 932 859 1006 canitur.
931 927 1105 1026 Siquam
1129 953 1215 1008 vero
1243 928 1355 1006 trium
1383 939 1469 1004 ante
1500 927 1577 1004 XL.
1613 929 1730 1005 domi·

104 1051 264 1163 'nicarum
297 1045 430 1122 incidit
469 1047 509 1124 in
544 1048 653 1146 priori
685 1049 786 1128 mitia
823 1047 963 1125 traam
989 1049 1171 1127 dominice
1202 1050 1349 1147 recipit:
1389 1051 1449 1124 sed
1482 1061 1608 1125 tamea
1639 1048 1731 1124 infra

123 1168 350 1249 ebdomadam
374 1165 475 1244 idem
501 1167 627 1243 Datim
649 1193 725 1247 non
749 1168 934 1268 repetitur.
986 1168 1068 1245 Post
1092 1170 1230 1247 midam
1251 1168 1405 1268 priorem
1432 1168 1596 1245 custodes
1617 1168 1731 1246 eccle·

119 1288 157 1367 te
178 1288 225 1366 ad
246 1286 287 1365 S.
312 1286 467 1364 Mariam
491 1288 678 1377 candelas,
715 1289 917 1376 incensum,
957 1311 1090 1387 aquam
1112 1288 1336 1367 benedittam
1362 1285 1524 1363 afferunt.
1595 1288 1634 1363 In
1659 1288 1732 1379 hac

118 1411 166 1489 die
186 1431 309 1507 neque
324 1405 459 1503 forum
481 1408 547 1507 p),
593 1432 712 1507 neque
743 1427 832 1506 coppe
858 1398 965 1485 alicui
998 1411 1151 1497 dantur,
1190 1411 1352 1509 exceptis
1383 1408 1445 1505 qui
1478 1408 1517 1483 in
1549 1417 1731 1506 prespitero

119 1528 344 1615 mutantur,
365 1527 430 1625 qui
449 1536 594 1605 tautum
617 1527 710 1606 infra
740 1528 880 1608 midam
904 1529 1075 1626 fanonibus
1099 1539 1259 1609 utuntur.
1307 1527 1548 1608 solummodo
1572 1530 1730 1607 domnus

122 1650 213 1731 iuba
244 1649 296 1725 ad
324 1647 580 1747 processionem
605 1642 732 1749 cappam
756 1649 897 1736 induit,
941 1671 1050 1746 quam
1081 1669 1168 1723 mox
1200 1658 1238 1721 ot
1271 1670 1366 1751 cerem
1392 1650 1589 1737 benedixerit,
1634 1657 1729 1725 eruti.

117 1772 197 1851 dom
219 1768 356 1845 eadem
381 1768 586 1846 oenodiaio
616 1768 663 1844 ad
694 1768 840 1861 artesano
873 1769 918 1843 S.·
943 1764 1052 1841 Maria
1076 1773 1193 1861 agitur.
1255 1764 1428 1843 Proceffio
1462 1773 1548 1842 ante
1580 1770 1731 1848 terciam

116 1890 201 1969 neu
225 1884 426 1975 dominica.
477 1886 544 1963 Sin
571 1898 716 1978 autem,¹
739 1890 815 1987 post
836 1886 988 1967 terciam
1011 1886 1148 1986 absque
1172 1885 1369 1965 santtorum
1394 1885 1572 1987 reliquiis,
1612 1891 1732 1973 &ce-

117 2020 183 2091 tero
205 2016 382 2111 apparatu
408 2005 536 2100 agitur.
903 2031 909 2034 ·
1029 2017 1034 2024 ’

211 2246 328 2331 AdS.
353 2246 511 2327 Mariam
533 2266 619 2323 cum
641 2240 858 2344 Antiphona
880 2239 953 2321 Aue
974 2250 1082 2341 gratio
1102 2250 1190 2345 plena
1212 2244 1428 2344 proceditur.
1461 2291 1509 2307 -
1541 2294 1590 2311 -
1620 2263 1735 2344 auio,
1784 2298 1787 2303 ·
1822 2241 1831 2249 ’

123 2370 244 2447 &aar
263 2370 433 2468 munus.
509 2367 630 2454 Quam
654 2364 714 2441 ille
741 2365 903 2449 sacerdos
929 2364 1019 2440 dicit
1050 2365 1110 2465 qui
1143 2368 1186 2454 t?
1210 2364 1341 2460 officinas
1365 2371 1517 2448 boemo.
1592 2374 1735 2453 Deinde

115 2490 495 2570 maenomenon
522 2497 607 2565 ante
632 2490 672 2566 dt
695 2497 793 2562 retro
818 2484 1082 2562 benedicuntur
1105 2486 1220 2564 cerei:
1246 2485 1378 2586 quibus
1401 2512 1485 2569 cum
1512 2514 1606 2592 aqua
1627 2497 1737 2572 bene·

114 2608 389 2713 dista·asperiis,
423 2623 532 2709 atque
560 2606 771 2694 incensatis,
807 2604 963 2701 imponit
987 2605 1164 2682 armarius
1188 2608 1277 2684 Ant.
1304 2608 1428 2685 Lumen
1452 2615 1492 2685 od
1514 2621 1734 2692 renotationem.

115 2774 173 2789 —=
193 2774 248 2793 -
284 2732 433 2809 interim
458 2737 533 2806 cerei
556 2749 620 2824 per
640 2724 807 2802 custodes
827 2724 995 2802 fratribus
1021 2725 1286 2804 distribuuntur.
1350 2730 1488 2825 defirrnts
1512 2756 1657 2833 quoque
1683 2735 1737 2811 ia·

117 2864 165 2929 ter
188 2848 481 2929 benedicendum
513 2842 616 2921 entra
649 2843 835 2920 ecclefiam
869 2843 908 2919 S.
934 2846 1049 2921 Maria
1075 2846 1194 2923 versus
1217 2846 1450 2924 infirmariam
1481 2855 1738 2929 commoranti·

118 2970 196 3061 lm,
220 2969 284 3068 qui
309 2968 397 3062 infra
417 2966 620 3065 proceffunon
643 2971 677 3039 in
700 2963 816 3053 etrusco
836 2977 1072 3047 cornmonenter,
1098 2967 1306 3067 priusquam
1335 2969 1380 3042 ad
1403 2969 1539 3073 misiam
1566 2965 1738 3069 pulsatur,
1764 3034 1770 3041 .

121 3094 322 3193 musteum
338 3088 387 3189 q)
413 3110 486 3162 nou
514 3083 780 3180 ingrediuntur,
805 3107 925 3181 neque
950 3098 1144 3183 autequam
1167 3111 1264 3163 cereos
1287 3086 1421 3184 offerrent
1443 3089 1528 3164 inde
1548 3093 1738 3186 egrediun-

125 3221 184 3289 tur.
232 3209 355 3285 Finito
378 3207 512 3305 psalmo
538 3205 695 3303 sequitur
722 3201 755 3281 a}
778 3210 927 3299 coaptas
952 3205 1089 3298 Symeon.
1125 3247 1174 3261 -
1209 3246 1258 3261 -
1301 3206 1444 3282 Deinde
1476 3232 1588 3306 vsque
1612 3212 1649 3285 in
1674 3236 1735 3289 ue·

127 3328 281 3409 montom
299 3323 431 3425 Aaou.
458 3329 573 3400 adorno
594 3319 773 3400 elericorum.
833 3322 883 3400 lbi
911 3325 958 3398 ad
984 3323 1171 3398 stationem
1198 3324 1347 3402 canitur.
1401 3328 1582 3426 Responsum
1614 3343 1737 3430 occepit.

118 3438 204 3526 'inde
228 3450 266 3525 in
293 3449 445 3523 chorum
479 3464 523 3539 lp.
552 3468 621 3521 cum
654 3444 836 3520 inducerent.
887 3442 959 3517 Cui
995 3466 1083 3519 mox
1109 3441 1316 3540 adjungitur
1349 3446 1740 3546 amputandarum

130 3578 217 3666 orgo.
265 3568 438 3666 Sequitur
467 3565 580 3643 musa.
635 3564 697 3641 Ad
724 3586 832 3660 quam
858 3566 976 3656 aalma
995 3562 1061 3657 pasl
1081 3573 1207 3659 partum
1231 3564 1391 3652 canitur,
1432 3565 1588 3663 prefacio
1613 3572 1659 3647 de
1682 3598 1739 3648 no·

131 3697 240 3765 munte
264 3692 395 3763 donari:
435 3686 495 3760 sed
514 3691 766 3761 ammoneantur
799 3685 834 3755 de
860 3675 1016 3779 epiphanio
1041 3679 1184 3755 dicitur.
1256 3684 1296 3759 Si
1323 3698 1447 3763 autem
1478 3686 1528 3763 est
1556 3691 1741 3769 dominica

133 3807 222 3887 finita
244 3808 282 3885 in
311 3804 423 3882 choro
448 3803 645 3901 antiphona
666 3797 831 3900 predraa.
883 3798 1056 3895 Sequitur
1082 3795 1124 3877 d.
1154 3800 1224 3876 Aac
1250 3803 1374 3881 Marto.
1414 3847 1463 3863 -
1499 3847 1548 3904 ·.·
1586 3809 1740 3909 sequitur

133 3924 264 4015 Tereia,
286 3925 450 4021 fratribus
480 3931 604 4000 interim
636 3945 734 3999 cereos
757 3924 935 3995 tenuuibou.
1005 3918 1043 3993 Si
1077 3919 1235 3995 domnus
1265 3923 1389 4001 Abbas
1417 3926 1527 4021 hujus
1559 3928 1632 4004 diei
1663 3935 1740 4011 offi·
1818 3966 1830 3977 ·

115 4045 219 4127 oium
244 4070 318 4123 non
343 4044 439 4141 agit,
479 4042 641 4118 sacerdos
667 4041 704 4117 id
729 4041 871 4118 asturus
903 4037 988 4114 stola
1016 4036 1166 4114 indutus
1200 4040 1247 4116 ad
1278 4043 1531 4138 proceffionem
1561 4059 1680 4145 priores
1707 4058 1740 4127 in

144 4152 151 4171 ⁹
1654 4164 1743 4246 choro

169 4308 205 4394 p)
225 4308 319 4377 rouo
337 4307 509 4391 manipulos
530 4321 683 4380 vocamus,
705 4312 790 4367 erunt
811 4319 879 4367 uero
898 4301 1053 4385 mappulae
1073 4303 1198 4370 Lineae.
1257 4272 1269 4290 ⁰

169 4477 203 4563 q)
222 4478 386 4560 Templum
409 4473 476 4537 inde
499 4472 681 4538 Monasteria
699 4468 755 4554 stu
783 4470 917 4536 lilnnster
944 4482 1086 4535 vocaretur
1113 4417 1235 4560 claustro
1265 4468 1502 4548 coornatur-um,
1544 4478 1620 4562 quod
1640 4500 1743 4548 nomm

208 4583 289 4653 hodie
310 4580 441 4671 Ecoiefiis
462 4574 793 4646 mundandorum
814 4586 955 4663 optatum
989 4576 1065 4663 qruod
1086 4598 1186 4666 nempe
1203 4580 1356 4667 puraeque
1368 4577 1486 4681 [ruerint
1505 4584 1698 4657 Monastefp,

991 4704 1023 4780 0
