3736 5160
111 400 154 495 vt
172 409 300 507 nullus
319 408 505 503 Nepotum
528 404 726 486 nostrorum
742 418 807 486 aut
827 408 1057 486 successorum
1076 409 1228 488 aliorum
1249 408 1286 486 in
1304 410 1399 489 disto
1417 410 1518 499 loco,
1538 410 1644 490 bonis
1658 410 1740 506 ejus
1833 473 1836 477 ,

117 544 184 612 aut
196 528 411 609 hominibus
430 523 709 605 aduocationem
728 530 902 629 aliquam,
929 529 1172 617 exustionem,
1203 532 1261 612 vel
1281 530 1444 628 cuiusuis
1461 529 1614 607 dominii
1634 531 1741 625 jnris·

109 653 311 734 dictionem
335 648 518 748 presumat
541 644 604 725 libi
625 646 711 747 Jnre
734 647 954 726 hereditario
975 650 1187 740 vendicare,
1220 676 1307 730 cum
1333 651 1391 727 his
1420 653 1458 728 dr
1487 649 1567 724 aliis
1583 638 1739 726 libertati

109 768 360 877 praefatorum
386 765 580 846 contrariis
610 766 669 843 sen
698 769 798 847 omni
824 769 1031 868 proprietati
1052 772 1229 870 praesenti
1258 786 1385 848 tenore
1408 772 1513 867 plene
1534 769 1648 867 liquet
1662 794 1742 847 'nos

109 920 180 999 per
198 894 355 971 liberum
390 885 580 965 arbitrium
609 890 841 983 renunciasse.
922 890 1110 991 Prescripti
1153 915 1239 989 ergo
1266 890 1473 969 monasterii
1504 891 1630 967 Abbas
1658 914 1744 973 curu

108 1006 298 1097 Fratribus
321 1008 576 1091 Adnotatum,
601 1005 664 1105 qui
683 1009 801 1084 bonus
827 1012 865 1088 dr
888 1009 986 1088 utilis
1008 1012 1187 1097 censetur,
1211 1011 1238 1085 s1
1258 1009 1439 1091 soluerint
1459 1008 1521 1086 libi
1544 1010 1743 1108 preficiunt,

102 1141 202 1221 ὡς
225 1126 483 1229 cum'ceperit
510 1126 579 1201 else
604 1127 775 1206 molestus
803 1129 924 1225 grauis
950 1132 988 1209 dc
1016 1128 1207 1229 injuriosus
1235 1129 1372 1231 repulso
1399 1153 1444 1202 eo
1471 1130 1583 1208 aliurn
1609 1130 1648 1206 in
1673 1129 1742 1205 hn-

103 1256 272 1363 jusmodi
298 1247 464 1330 officinm
489 1246 722 1333 substituant,
753 1250 1044 1349 necquicquam
1072 1250 1145 1328 hoc
1172 1249 1424 1349 calumpnians
1458 1249 1622 1327 causetur
1654 1273 1741 1328 eam

105 1378 300 1462 rucoeffioe
331 1368 399 1447 nbi
432 1364 593 1445 reliuam
624 1368 848 1466 potestatem.
883 1382 954 1446 etc.
978 1383 1048 1448 etc.
1131 1371 1264 1449 Alium
1296 1369 1408 1445 Anno
1440 1371 1592 1446 Domini
1620 1368 1739 1452 lllXC.

111 1504 166 1583 ul
191 1501 281 1575 ldus
304 1488 401 1569 Iunii
426 1485 556 1567 lunio.
580 1486 637 1565 ΙΙΙ.
677 1490 723 1564 ad
750 1487 1030 1587 limpidiffimam
1057 1492 1314 1568 certitudinem
1340 1488 1445 1564 Filiis
1471 1490 1598 1566 nostris
1628 1491 1740 1566 Guel-

115 1624 201 1700 sone
225 1628 274 1695 el
292 1610 470 1691 Heinrico
503 1604 699 1685 astantibus
730 1611 768 1689 dr
798 1610 1116 1688 consentientibus
1149 1610 1189 1690 δι
1215 1610 1296 1687 aliis
1312 1609 1439 1687 multis
1464 1608 1656 1687 illustribus
1687 1609 1739 1688 vi·

112 1743 168 1823 ris
197 1738 239 1817 δι
258 1732 444 1863 nobilibus.

203 1982 240 2037 2.
268 1956 456 2039 Quantum
481 1968 589 2048 porro
612 1946 763 2023 Guelsus
788 1946 847 2026 IV.
876 1947 964 2025 huic
986 1948 1123 2027 Abbati
1154 1952 1192 2028 ἀ
1213 1946 1405 2028 vniuerfim
1433 1946 1649 2025 lllonasterio
1671 1968 1735 2022 no·

103 2084 178 2161 ltro
200 2070 424 2187 contulerit,
443 2067 546 2164 iuuat
568 2078 753 2150 exterum,
778 2069 836 2141 sed
854 2067 1118 2162 grauissimum,
1143 2092 1299 2166 eumque
1322 2068 1579 2166 Synchronum
1600 2066 1736 2145 Aulio·

110 2191 354 2279 remtestem
372 2188 551 2265 adducere.
603 2186 666 2263 Est
689 2186 722 2261 is
742 2184 965 2291 Bertholdus
990 2188 1269 2267 Constantienfis
1293 2190 1445 2288 append.
1462 2189 1510 2266 ad
1532 2187 1735 2267 Hermann.

114 2314 355 2398 Contrarium
386 2306 477 2405 apud
498 2306 615 2385 llrliis.
641 2304 861 2386 Germaniae
887 2308 1146 2400 Historiarum,
1191 2332 1270 2409 pag.
1301 2333 1385 2409 370.
1444 2309 1516 2389 Vbi
1545 2309 1735 2408 postquam

106 2433 268 2544 Jadnlae
290 2433 374 2527 ejus
397 2426 529 2509 onris
550 2435 707 2504 mortem
733 2428 780 2505 ad
804 2450 940 2507 annum
970 2452 1075 2530 1094.
1097 2430 1240 2519 retulit,
1261 2430 1354 2508 haec
1375 2430 1535 2527 subjicit:
1582 2426 1639 2533 Aa
1658 2429 1735 2525 quad

103 2557 339 2654 Mmaflm
359 2548 504 2626 moues
530 2548 597 2642 u'us
626 2548 708 2623 uas
730 2551 880 2646 Capellam
900 2550 946 2651 e)
969 2551 1062 2649 ipsus
1083 2555 1232 2639 tradidit,
1266 2558 1393 2650 qaam
1416 2574 1494 2626 auro
1517 2552 1568 2638 δ’·
1589 2560 1732 2646 argemo,
1781 2560 1792 2592 ⁸

102 2684 143 2770 δ’
162 2670 380 2778 preliofiffinis
404 2674 600 2771 pororrcnb's
616 2674 717 2743 induc
741 2672 840 2743 libras
859 2685 935 2765 pecu
956 2678 1076 2759 uoluit,
1099 2676 1234 2769 ldcmuce
1257 2673 1482 2763 Monasten’un
1509 2680 1543 2747 ln
1558 2667 1731 2768 poffiffionl·

103 2805 174 2887 bas,
200 2808 326 2875 mun
340 2808 417 2890 pulc
441 2786 556 2877 mss
577 2794 765 2876 meliorabit,
780 2787 883 2884 stoque
902 2797 1112 2876 melimelum,
1136 2796 1180 2879 δ’
1198 2795 1234 2867 alc
1250 2794 1314 2888 suo
1337 2793 1488 2891 Pataliam
1509 2798 1731 2885 mancipatum

103 2924 140 2997 S.
168 2918 268 2994 Petro
284 2915 347 3009 fill
372 2916 446 3012 jure
484 2909 651 2985 caluam
680 2912 887 2993 contradus,
925 2921 964 2983 ol
987 2909 1175 3006 Apollcm
1208 2910 1298 2988 Sedi
1328 2912 1461 2989 deinde
1488 2907 1732 3008 principaliter

102 3040 319 3139 subjaceret,
334 3030 374 3111 dc
395 3030 458 3108 sub
476 3030 556 3125 ejus
574 3028 801 3113 desenfione,
817 3039 855 3101 nr
876 3034 938 3103 alla
956 3028 1075 3103 Libera
1095 3052 1339 3107 monacorum
1358 3035 1430 3128 jare
1440 3022 1582 3129 papam
1594 3036 1728 3127 polleret.

102 3162 217 3243 Anno
237 3156 332 3235 ἰῒεω
351 3148 534 3231 MXClllL
557 3147 682 3229 mdiu.
708 3150 746 3225 ll.
772 3147 843 3224 llll.
866 3147 953 3224 ldus
971 3148 1113 3238 Martii,
1139 3174 1253 3249 quum
1270 3149 1348 3249 jam
1370 3174 1453 3229 cum
1479 3162 1599 3229 morte
1618 3150 1730 3227 lulla·

104 3294 204 3359 semu
217 3274 355 3355 mcluta
380 3270 563 3375 Princeps,
584 3292 676 3369 quae
697 3265 908 3368 &sequenti
929 3266 990 3345 die
1009 3268 1115 3357 obiit,
1130 3268 1240 3348 aliam
1256 3269 1401 3367 insuper
1416 3271 1647 3349 Dotationem
1664 3272 1729 3347 ob·

108 3400 218 3483 nonu
235 3392 407 3479 Walicho
420 3388 551 3477 noster,
567 3414 651 3467 cum
665 3394 787 3494 lesllbm
794 3388 994 3464 Hammeum
1012 3390 1135 3474 Canae,
1152 3387 1326 3486 Adalgozu
1343 3389 1496 3486 Arnalfo,
1514 3394 1672 3481 Helnrlco,
1690 3391 1729 3470 &

103 3522 264 3609 Hm,
281 3518 426 3600 Gema,
440 3514 605 3597 Baianae,
618 3512 791 3608 Roupcrto,
807 3508 995 3597 Arabena,
1017 3504 1208 3585 Theoderico.
1232 3511 1344 3587 Anno
1363 3511 1515 3592 MXCV.
1543 3514 1728 3609 Noggerum
1786 3588 1792 3595 ,

99 3642 261 3745 primum
282 3636 464 3735 Abbatem
496 3631 728 3728 meoldcnscm
762 3629 920 3727 sepulcro
943 3626 1086 3712 intulit,
1126 3642 1236 3729 atque
1255 3630 1431 3708 Elesiioni
1462 3634 1597 3708 Vdalrr’rl
1624 3654 1727 3729 prae·

102 3764 176 3843 suit
217 3762 316 3838 Rem
331 3758 386 3835 ita
397 3762 521 3833 nanas
534 3754 653 3827 Orrlm
668 3748 872 3827 Monachus
887 3746 1054 3845 'ejusdem
1068 3749 1291 3827 celeberrimi
1314 3750 1506 3837 Asceterii‚
1527 3752 1614 3849 cap.
1630 3751 1726 3829 XVI.

105 3906 177 3983 pag,
204 3880 303 3961 mibi
324 3888 385 3969 op.
434 3870 575 3970 „Igitur
599 3870 781 3949 Dominus
807 3868 972 3967 Noggerus
999 3866 1126 3947 Abbas
1148 3873 1259 3947 Anno
1292 3872 1340 3948 de
1363 3872 1566 3949 Natiuitute
1593 3870 1724 3948 Clnisti

109 4002 286 4098 ,abesan
307 3994 493 4093 umgesmo
517 4001 644 4091 quinto,
680 3989 922 4067 fundationis
944 3988 1117 4066 Coenobii
1136 3992 1287 4085 Septunce
1322 3990 1571 4070 Ordinationis
1599 4004 1723 4070 autem

112 4123 219 4221 „Ejus
249 4127 356 4219 quum
381 4114 452 4213 piis
476 4114 640 4193 intentus
670 4110 838 4211 operibus
862 4110 909 4187 ΙΙ.
938 4112 1050 4185 Nonas
1076 4108 1198 4186 Marcii
1230 4110 1277 4186 de
1298 4110 1409 4208 hujus
1429 4112 1559 4189 mundi
1581 4134 1724 4189 carcere

115 4244 175 4331 „td
195 4216 305 4319 Coeli
330 4236 504 4337 palatium
530 4234 649 4310 herus
677 4230 891 4327 emigrans,
924 4241 1033 4329 atque
1054 4229 1344 4308 inmarcescibilis
1370 4231 1504 4327 gloriae
1528 4254 1721 4324 coronam,

118 4390 192 4465 „pra
212 4386 287 4465 qua
311 4358 453 4444 strenue
474 4352 645 4442 certauit,
682 4352 870 4429 aCbristo
895 4349 1079 4450 percipere
1109 4349 1254 4428 meruit.
1303 4351 1420 4450 Cujus
1449 4352 1551 4429 obitu
1578 4352 1722 4429 Fratres

1520 4476 1721 4553 admodum

146 4650 176 4735 ⁸)
196 4650 282 4715 lacer
301 4654 423 4721 ταινία·
433 4646 528 4730 prelio
547 4590 627 4709 dmni
645 4647 744 4708 caricas
770 4640 811 4711 Ed
829 4638 912 4705 nobis
934 4636 1053 4723 somme
1076 4636 1274 4705 amasam
1301 4638 1411 4704 maura
1438 4642 1493 4706 illic
1521 4641 1721 4711 causabatur

182 4756 240 4827 SS.
259 4752 397 4845 unguo
414 4734 540 4867 Domiti
559 4772 576 4820 c
594 4752 683 4819 latere
694 4747 861 4837 souotorr‘s
878 4747 1034 4835 papinus,
1055 4745 1090 4814 dc
1109 4766 1166 4831 pao
1178 4746 1236 4836 sao
1255 4756 1382 4834 empore
1401 4745 1441 4819 u*
1460 4746 1528 4819 loco.
