3736 5160
702 170 1177 315 'amsans‘
1468 180 1483 199 '
1696 222 1747 347 tr

143 401 185 502 gie
203 400 408 477 inauratum
435 398 590 478 matese
621 398 661 477 dr
691 423 801 499 opere
824 402 961 478 clarum
987 400 1048 477 his
1076 394 1241 487 addidit,
1286 397 1521 503 principalem
1556 399 1744 479 eccldsiam
1784 382 1790 393 ’

90 538 102 617 ’ς
144 520 368 625 &Capellam
391 542 422 597 ι.
445 542 566 594 asama
592 519 737 619 pisturis
760 521 894 597 eximie
922 522 1120 597 decorauit.
1189 519 1317 617 Librps
1343 519 1381 596 &
1400 519 1478 615 jam
1508 521 1743 596 matutinales
1806 532 1810 537 ’

81 618 93 659 ”
136 622 172 724 ἰι
189 640 269 717 alios
301 663 414 739 quam
447 638 568 736 piures
598 662 684 716 cum
720 640 838 717 multa
868 640 1057 735 diligentia
1097 639 1267 715 conscribi
1303 639 1406 726 fecit,
1452 641 1545 715 duas
1579 652 1744 737 preterea

145 766 205 837 ata
222 760 401 855 nssifrigiis
427 759 599 838 venustils
602 782 672 836 me
687 763 879 838 decoratas
901 763 948 836 ad
970 760 1167 857 principale
1196 759 1387 835 destinauit
1415 759 1539 835 altare.
1616 758 1696 835 F
1646 782 1742 835 οιιιι
1774 740 1777 751 ¹

72 956 75 961 .
144 881 217 957 sauss
235 883 273 961 dt
298 881 497 957 Latericiran
531 898 606 976 opas
634 882 732 977 quod
768 881 889 956 nullus
914 894 1000 954 ante
1035 903 1121 955 eum
1155 880 1397 975 temptauerat
1425 879 1496 979 ipse
1517 881 1653 978 primus
1688 878 1756 989 in-x

68 966 81 1107 i.
144 1000 281 1087 chasuit,
306 1002 347 1079 dc
371 998 513 1098 insuper
534 1012 676 1075 veteres
704 1023 900 1097 campanas
924 1022 1017 1095 pene
1044 1022 1172 1074 omnes
1202 1013 1278 1075 tam
1306 1000 1457 1094 majores
1484 1022 1593 1097 quam
1624 1000 1743 1076 mino-

68 1124 71 1183 ἑ
141 1144 184 1195 ιιι
202 1118 365 1220 expensis
395 1142 469 1195 non
492 1121 645 1210 modicis
673 1117 882 1205 innouauit,
909 1122 946 1197 ds
970 1119 1040 1194 alia
1060 1143 1171 1216 quam
1194 1118 1294 1215 plura
1309 1116 1524 1194 monasterio
1545 1118 1647 1196 vtilia
1667 1142 1741 1195 nou

68 1216 77 1347 i
136 1238 190 1316 sue
209 1239 330 1317 multo
353 1236 497 1336 sumptu
525 1239 703 1316 &labore
726 1240 892 1336 perfecit,
927 1239 985 1314 sed
1020 1241 1105 1338 quia
1131 1239 1154 1314 s
1144 1264 1177 1314 c
1198 1237 1233 1314 se
1256 1237 1395 1315 habent
1411 1261 1470 1319 rea
1497 1238 1675 1322 humane,
1699 1248 1742 1317 vt
1814 1272 1818 1281 ·

133 1370 237 1437 tenore
263 1359 461 1455 llustiuago
490 1360 704 1458 temporalia
729 1382 814 1437 cum
843 1372 1006 1459 tempore
1036 1372 1199 1447 currant,
1242 1359 1280 1436 da
1302 1358 1394 1437 satta
1421 1359 1630 1438 mortalium
1654 1349 1758 1438 sicut'
1819 1346 1822 1351 ¹

80 1460 327 1579 ircorposa
357 1479 433 1577 ipsa
467 1480 668 1556 miserando
698 1503 961 1578 nonnunquam
990 1472 1093 1557 e'xitu
1114 1479 1305 1567 deficiant,
1342 1478 1478 1556 idcirco
1500 1504 1576 1558 non
1606 1482 1742 1561 mirum

127 1598 339 1699 sprosperis
367 1599 573 1676 successibus
603 1600 712 1676 tristis
743 1600 928 1678 interdum
965 1601 1109 1677 fortuna
1136 1601 1314 1676 succedat
1377 1599 1474 1678 Cum
1497 1613 1621 1681 tamen
1644 1603 1741 1700 apud

121 1720 312 1797 Dominum
340 1718 472 1796 merita
501 1721 677 1796 bonorum
707 1742 857 1818 operum
886 1720 1027 1798 nullum
1060 1721 1213 1797 sentiant
1242 1721 1513 1797 detrimentum.
1562 1722 1658 1798 Cum
1677 1742 1741 1797 au·

112 1854 180 1919 tem
199 1839 323 1935 hujus
347 1839 400 1914 rei
428 1837 544 1913 multa
570 1839 759 1937 suppetant
782 1840 969 1938 exempla,
1007 1842 1047 1917 in'
1068 1841 1196 1918 nollris
1220 1853 1342 1916 tamon
1373 1839 1577 1917 domesticis
1604 1826 1748 1918 cafibus'

112 1964 151 2039 se
185 1962 264 2038 hoc
290 1960 485 2055 probatum
520 1959 604 2034 satis
641 1973 812 2038 tenemus
841 1962 1144 2058 experimentum.
1218 1960 1330 2037 Breui
1359 1962 1459 2037 enim
1476 1961 1597 2038 unius
1624 1961 1741 2040 nostis

115 2079 305 2159 interuallo
345 2077 446 2173 longi
477 2081 571 2176 apud
601 2105 670 2156 uos
694 2083 891 2156 multorum
935 2103 1112 2157 annorum
1152 2079 1309 2155 Labores
1338 2080 1391 2155 ita
1430 2082 1477 2156 ad
1503 2081 1658 2158 nibilum
1684 2105 1740 2156 re·

74 2293 81 2301 ⁵
121 2200 214 2278 batti
234 2198 330 2283 iamt,
352 2211 394 2275 vt
422 2198 524 2274 locus
557 2200 831 2305 quempridem
862 2201 978 2297 gratia
1004 2200 1073 2275 Dei
1097 2199 1265 2276 illustrem
1287 2200 1442 2289 fecerat,
1475 2202 1513 2279 ιι
1547 2200 1741 2300 splendidis
1804 2210 1807 2217 '

123 2344 164 2395 ac
185 2319 328 2397 samoss
355 2328 549 2427 ornlauerat
573 2320 829 2409 incrementis,
860 2344 959 2396 nunc
979 2318 1079 2419 quasi
1101 2319 1237 2417 spretus
1265 2344 1306 2395 ac
1335 2320 1493 2396 desertus
1518 2323 1561 2399 ab
1591 2345 1636 2397 eo
1661 2344 1741 2400 ver·

121 2442 248 2517 eretur
267 2439 308 2514 ιιι
334 2437 566 2514 solitudinem
587 2462 791 2537 magnoque
807 2442 993 2517 intuentes
1022 2440 1162 2539 stupore
1185 2440 1401 2539 percelleret.
1451 2441 1563 2517 Anno
1583 2458 1741 2541 namque

121 2562 155 2637 ab
182 2558 444 2637 incarnatione
475 2559 620 2634 Domini
646 2562 695 2635 Μ.
717 2560 791 2636 CC.
813 2562 890 2637 XV.
914 2560 1025 2636 Anno
1051 2574 1174 2636 autem
1198 2561 1475 2636 consecrationis
1498 2561 1644 2638 Domini
1665 2563 1743 2640 Ab·

122 2682 202 2758 batis
225 2678 341 2756 XlllL
381 2681 509 2753 Vulso
542 2681 698 2754 Kalendas
725 2678 850 2778 Aprilis
872 2692 1021 2778 repente
1046 2679 1177 2756 cecidit
1204 2681 1304 2777 super
1330 2704 1400 2755 nos
1425 2683 1479 2755 ira
1510 2685 1547 2759 dt
1575 2680 1741 2778 indigna·

68 2802 164 2885 tio
185 2801 274 2888 Dei,
284 2802 341 2877 ·dt
361 2808 464 2873 tanta
492 2822 561 2873 nos
585 2797 713 2893 judicii
737 2801 789 2875 sui
821 2799 1018 2875 acerbitate
1041 2798 1308 2876 contristatos
1296 2821 1335 2876 ιιι
1364 2799 1497 2896 Abyssa
1523 2799 1663 2876 miserie
1688 2801 1741 2876 se·

68 2921 259 3019 ÷peliuit,
284 2930 327 2995 vt
351 2918 414 2997 vix
442 2917 561 3015 aliqua
584 2917 689 2992 nobis
714 2918 897 2995 euadendi
924 2921 1001 3017 spes
1026 2919 1082 2997 vel
1106 2918 1300 2994 consolatio
1327 2918 1522 3015 superesset.
1567 2920 1741 3015 .·Speran

135 3042 209 3119 tibus
233 3038 340 3116 enim
370 3038 477 3114 nobis
505 3039 603 3137 quod
627 3060 698 3133 pax
732 3045 769 3116 dr
798 3038 967 3114 securitas
992 3037 1217 3114 babitaret
1205 3059 1244 3113 ιιι
1270 3039 1420 3114 Laribus
1442 3039 1587 3124 nostris,
1611 3037 1740 3123 subita·
1782 3028 1790 3045 ⁸

137 3185 188 3237 aco
211 3156 453 3259 expergesaiti
477 3156 666 3242 incendio,
703 3157 808 3233 saluis
836 3156 1059 3234 solummodo
1085 3158 1292 3254 corporibus
1320 3158 1367 3233 de
1392 3157 1531 3233 sunelio
1558 3180 1647 3255 rogo
1675 3161 1740 3237 vix

138 3280 273 3377 sisogere
296 3278 495 3379 potuimus.
570 3275 691 3352 Primo
718 3300 876 3376 namque
894 3279 1013 3355 noclis
1045 3276 1249 3375 crepusculo
1283 3300 1304 3351 a
1343 3288 1444 3375 parte
1474 3272 1752 3377 septentrionali
1822 3266 1830 3277 ’

77 3440 81 3447 -
139 3404 234 3499 eupit
261 3396 423 3486 adustio,
463 3420 535 3495 que
557 3398 700 3472 concite
725 3410 836 3473 vento
862 3398 974 3473 flante
996 3397 1156 3472 inferiori
1178 3395 1324 3471 ecclefie
1354 3399 1447 3474 testo
1475 3397 1509 3472 se
1536 3398 1748 3495 applicans,¹

139 3516 392 3597 scintillantibus
424 3516 583 3593 ssanrmis
607 3528 726 3591 totum
754 3515 954 3613 campanile
978 3516 1151 3602 inuoluit,
1188 3539 1306 3613 eoque
1339 3515 1581 3594 ardentissima
1604 3520 1741 3596 contla·

140 3642 284 3735 gratione
311 3638 462 3724 attatio,
487 3634 609 3710 solutis
623 3623 844 3710 'retinaculis
871 3656 1046 3732 campane
1073 3647 1151 3712 tam
1182 3638 1340 3731 majores
1366 3657 1476 3733 quam
1505 3635 1666 3714 minores
1686 3636 1740 3715 se·

137 3762 288 3839 rebantur
314 3755 500 3842 deorsum,
533 3759 572 3832 dt
593 3755 707 3831 muris
727 3753 904 3829 tenaciter
925 3754 1134 3830 herentibus
1161 3748 1318 3831 conflata
1341 3755 1379 3831 iu
1402 3754 1639 3854 superioribus
1662 3770 1741 3837 ιιιο·

96 3894 99 3899 ·
137 3878 178 3956 ιιι
199 3874 504 3979 &particulatim
531 3873 719 3967 dissiliens,
760 3873 939 3949 scrobibus
967 3875 1116 3949 tandem
1139 3896 1231 3970 quas
1259 3875 1422 3950 cadendo
1448 3874 1658 3955 suffodiebat
1684 3879 1740 3956 in·

68 4082 71 4103 ,
137 3998 219 4077 ledit.
284 3996 511 4073 Tentavere
541 3996 683 4072 &tam
721 4006 826 4069 atrox
850 3993 921 4067 suit
941 3992 1112 4069 violentia
1140 3993 1254 4090 ignis,
1292 4005 1332 4071 vt
1362 4018 1409 4069 ex
1436 4014 1568 4091 magna
1602 4000 1740 4076 metalli
1826 4046 1833 4054 -

137 4118 305 4219 mugcrie,
340 4115 483 4192 minuta
512 4113 670 4212 quedam
699 4113 849 4207 granula
882 4113 1111 4189 admodum
1140 4112 1231 4188 milii
1261 4113 1324 4189 vix
1351 4112 1585 4211 lpostmodum
1618 4119 1742 4217 colligi

68 4260 70 4273 ¹
136 4238 321 4334 potuissent.
366 4232 566 4332 Laquearia
586 4246 711 4333 tamen
733 4231 895 4308 trabibus
918 4231 1027 4308 affixa
1050 4231 1247 4309 seuientem
1275 4231 1424 4330 desuper
1436 4227 1562 4328 'ignem
1577 4236 1744 4336 aliquan·

138 4356 189 4434 diu
209 4352 460 4439 retardabant,
503 4356 540 4429 dt
564 4351 779 4427 Custodibus
805 4349 951 4428 ecclefie
975 4352 1037 4450 qui
1063 4356 1099 4427 ds
1123 4378 1214 4428 saara
1238 4349 1367 4429 Auara
1404 4354 1515 4449 Capsas
1541 4359 1583 4441 δ’
1603 4365 1744 4452 planaria

138 4498 191 4553 sm
219 4474 397 4576 sarcofagis
434 4474 554 4547 transt
541 4470 705 4546 serebant
733 4469 884 4567 presidio
914 4473 1026 4548 fuere.
1087 4470 1217 4549 Auleis
1242 4469 1391 4549 interim
1421 4475 1670 4611 &tapetibus
1704 4481 1742 4555 d:

139 4594 341 4695 quibusdanr
352 4590 454 4672 libris
473 4589 669 4711 missalibus
692 4602 773 4667 tum
792 4590 880 4690 quia
899 4590 991 4688 eripi
1012 4614 1086 4667 uon
1108 4604 1300 4690 poterant,
1315 4590 1449 4692 partim
1467 4615 1516 4675 ex
1539 4589 1680 4676 incuria
1703 4600 1743 4675 in

838 4790 841 4795 .
957 4707 1057 4794 iz
1621 4718 1745 4809 medio
