3736 5160
129 239 203 333 4⁶4
526 218 1331 330 -wmar'

67 445 72 455 ·
133 417 263 511 „ools)
306 411 573 513 Oclrsrrrlrasnmu
604 415 693 493 alter
718 414 890 494 videlicet
930 413 974 491 R.
1013 414 1052 491 P.
1083 414 1250 514 Capturas
1279 413 1411 503 Kraus,
1449 411 1488 489 in
1512 411 1742 512 possessionen

29 628 35 639 .
133 537 249 627 „disti
275 534 480 610 Monalserii
506 535 789 617 immitereotur.
828 558 940 633 vsque
973 537 1062 611 dum
1087 535 1284 609 decretoria
1310 535 1488 610 sententia
1518 558 1544 609 a
1569 534 1743 628 Maiestate

130 654 334 745 „Caesarea
356 652 475 739 lieret,
509 655 655 735 cuinam
678 655 771 753 parti
803 655 1060 734 Monasterium
1084 655 1282 731 deberetur.
1341 655 1490 730 Interim
1515 668 1642 730 tamen
1664 657 1745 731 bona

132 773 372 865 „Monasterii
398 785 649 876 neutrapars,
691 776 749 850 sed
774 779 889 850 tertius
912 777 1061 850 nomine
1086 774 1314 872 Imperatoris
1339 774 1623 860 administraret,
1657 776 1745 851 ride·

129 894 247 985 „licet
275 894 321 973 R.
346 892 385 967 P.
420 894 611 969 Benedissos
640 893 757 969 Rauclr
795 894 1027 995 Wrblirrgeufis
1063 917 1127 990 pro
1162 905 1327 993 tempore
1372 894 1474 971 Prior
1507 897 1543 968 irr
1581 892 1744 994 Vilsirrgrr

129 1012 389 1113 „Episcopales
418 1014 502 1088 huic
528 1014 770 1090 Dominorum
792 1013 1121 1091 Commiffariorum
1151 1013 1308 1089 Consilio
1328 1012 1381 1089 ita
1404 1014 1589 1097 assensere.
1630 1025 1671 1090 ut
1700 1027 1745 1090 tr·

130 1158 247 1224 „men
272 1133 578 1210 Reuereodissrmo
613 1134 674 1208 suo
697 1134 855 1231 Principi
884 1132 1132 1217 referendum,
1171 1133 1210 1211 dr
1233 1135 1313 1229 eins
1334 1134 1434 1232 super
1463 1134 1532 1209 hac
1565 1155 1606 1207 re
1631 1134 1746 1209 decre·

128 1267 240 1345 „tum
270 1253 546 1352 exspestandum
580 1253 748 1329 dixerint.
821 1253 945 1350 ltaque
978 1252 1161 1349 extemplo
1182 1253 1375 1350 expeditne
1405 1278 1535 1351 eques,
1551 1274 1561 1285 ’
1579 1253 1645 1351 qui
1679 1257 1747 1332 aer

127 1431 151 1464 „
160 1375 328 1452 referret:
359 1397 452 1472 quae
475 1374 514 1449 v‘t
540 1373 714 1470 Episcopo
737 1371 997 1448 Constantiensr
1024 1371 1245 1467 placuerint,
1282 1371 1384 1449 haud
1410 1372 1627 1469 scripserint
1664 1385 1749 1449 atta·

127 1508 246 1583 „men
272 1492 452 1588 religiosos
476 1496 602 1568 Patres
625 1515 671 1566 ex
695 1492 816 1591 Aegio
842 1492 943 1567 diuite
975 1490 1093 1567 nullos
1116 1489 1232 1566 mifit:
1278 1491 1394 1568 immo
1417 1492 1558 1589 insuper
1584 1492 1748 1592 Praefilso

127 1612 322 1715 „Horbenst
345 1611 457 1708 jussit.
492 1625 531 1690 vt
554 1612 797 1708 juramentum
822 1611 1008 1686 fidelitatis
1032 1609 1196 1721 Patribus·
1211 1612 1336 1687 ordinis
1364 1611 1575 1707 praestaret,
1600 1613 1750 1710 quon&

1 1729 3 1736 '
126 1734 289 1821 ..fanum
317 1732 377 1808 esl.
451 1731 522 1807 His
545 1732 695 1829 perustis
720 1729 871 1807 Roswilo
896 1730 1098 1817 discessum,
1135 1729 1173 1807 dt
1206 1755 1241 1826 4
1271 1730 1409 1828 Aprilis
1442 1754 1526 1807 cnm
1559 1758 1620 1829 40.
1652 1733 1751 1832 eqnir

9 1888 12 1893 ·
126 1853 239 1951 „plus
274 1852 397 1929 minus
421 1851 460 1928 in
489 1850 714 1928 Reiclreobarlr
743 1863 961 1946 peruentum
985 1851 1046 1926 esi.
1115 1849 1240 1926 Timor
1267 1848 1591 1954 Reiclrerlracrrrsnrm
1621 1853 1751 1929 incola-

126 1995 236 2060 „rum
268 1982 347 2047 erat
367 1971 518 2068 ingerrsr
552 1994 677 2049 rumor
701 1970 821 2058 enim,
855 1993 929 2081 quq
958 1974 1101 2048 aussore
1127 1969 1263 2057 nescio,
1296 1973 1429 2070 sparsus
1452 1969 1540 2056 suit,
1575 1973 1750 2051 Monastr·

125 2093 252 2178 „rium
277 2093 589 2172 Reichenbacense
613 2115 635 2166 a
659 2088 868 2190 quingentis
892 2091 1075 2189 equitibus
1102 2092 1140 2168 vi
1159 2093 1453 2188 expugnandum.
1503 2092 1655 2168 Subditi
1679 2117 1750 2192 pro·

126 2208 244 2306 „inde
269 2212 376 2288 rebus
404 2213 475 2288 suis
499 2211 711 2294 consulturi,
757 2209 927 2309 pleraque
954 2212 1099 2287 mobilia
1130 2214 1225 2288 bona
1255 2209 1327 2285 alio
1347 2223 1567 2298 auexerunt,
1606 2215 1749 2291 eoden-

125 2354 228 2428 „que
250 2331 309 2406 die
337 2335 441 2429 quinci
463 2332 646 2431 Euangelii
661 2330 786 2405 Praeco
801 2333 887 2408 alter
912 2333 1013 2426 (duo
1038 2334 1139 2408 enim
1161 2330 1212 2407 ibi
1235 2335 1580 2429 commorabantur)
1606 2333 1748 2429 injussos

124 2451 229 2540 „asic
252 2450 432 2547 migrauit.
492 2451 641 2526 Domini
669 2450 908 2527 Commissarii
940 2454 1035 2529 resia
1059 2452 1106 2527 ad
1136 2448 1392 2529 Monasserium
1415 2436 1584 2547 piofesti,
1625 2477 1651 2530 a
1671 2453 1748 2532 Pre-

126 2586 308 2662 „curatorc
331 2570 472 2656 claues,
505 2568 803 2667 deditionemque
827 2569 897 2644 soci
922 2569 1154 2666 postulauere.
1215 2571 1252 2646 se
1274 2570 1391 2646 musta
1413 2572 1579 2646 causatus
1601 2575 1748 2653 tandem

125 2702 280 2790 „portas
306 2692 440 2789 aperit,
485 2691 607 2768 claues
631 2712 736 2773 vero,
778 2712 827 2763 ne
848 2690 921 2769 dici
943 2690 1054 2788 posset
1074 2715 1139 2768 eas
1167 2690 1367 2776 tradidisse,
1404 2691 1450 2766 ad
1466 2693 1649 2789 parietem
1669 2718 1747 2794 pen·

124 2813 258 2901 „dulas
283 2812 448 2889 ostendit.
499 2811 641 2886 Eodem
664 2811 785 2885 adhuc
811 2809 954 2906 vespere
969 2827 1126 2910 quatuor
1139 2834 1356 2908 campanae,
1388 2822 1463 2886 tres
1484 2810 1602 2905 jussae
1627 2816 1746 2891 aede·

123 2932 251 3019 „bitae
282 2931 561 3027 magnitudinis,
594 2944 723 3029 quarta
755 2928 924 3025 paruula,
980 2954 1003 3004 a
1038 2932 1345 3015 Reuerendissrmn
1380 2930 1539 3006 Domino
1569 2932 1746 3030 Suffraga-

123 3076 225 3141 „neo
251 3051 512 3127 Constantiensr
539 3051 622 3125 sunt
653 3049 872 3128 benedisiae.
939 3049 1105 3129 Maxima
1138 3052 1384 3127 inhonorem
1411 3048 1449 3126 S.
1475 3051 1618 3127 Mariae
1651 3054 1744 3154 Vrrg.

122 3172 191 3259 „in
229 3173 405 3247 honorem
443 3169 481 3247 S.
514 3170 650 3247 Aurelii
681 3170 793 3245 astera
823 3170 1011 3264 grandior:
1060 3173 1097 3247 in
1130 3173 1308 3248 honorem
1343 3170 1382 3249 S.
1416 3171 1578 3272 Gregorii
1614 3174 1744 3252 mium:

121 3289 190 3376 „in
226 3295 263 3366 S.
297 3293 335 3366 P.
367 3291 412 3364 D.
450 3291 626 3365 honorem
660 3291 825 3368 minima.
898 3294 1036 3368 Amota
1067 3292 1208 3390 insuper
1225 3291 1384 3392 subsellio
1413 3314 1515 3368 rnore
1539 3294 1745 3383 Lutherano

123 3409 351 3497 „substrusta
398 3411 519 3508 Mensa
545 3408 634 3485 item
656 3437 771 3486 coenae
797 3411 1005 3488 ertlrrraoae
1022 3416 1180 3512 profana.
1232 3412 1357 3512 Quinto
1382 3411 1518 3509 Aprilis
1546 3413 1595 3489 ab
1625 3415 1746 3489 eodem

121 3528 459 3618 „Reuerendissrmo
491 3529 649 3605 Domino
685 3533 918 3626 Suffraganeo
954 3533 1225 3608 reconciliatum
1261 3530 1445 3630 Templum,
1488 3533 1566 3608 Ara
1600 3535 1745 3609 Summa

122 3649 341 3737 „benediiia
369 3670 453 3722 cum
477 3648 599 3723 duobus
626 3649 813 3727 Colicibur:
849 3653 923 3727 duo
947 3652 1007 3727 alii
1032 3653 1142 3727 serius
1167 3650 1266 3726 allati
1287 3651 1452 3726 benedici
1480 3675 1556 3726 uon
1590 3667 1742 3747 potuere.

118 3770 246 3859 „Tum
263 3766 605 3865 compulsationibus
626 3768 824 3867 Campanis
854 3771 899 3846 Te
916 3773 1024 3848 Deum
1039 3772 1211 3847 lucidamus
1227 3780 1434 3855 cantatum,
1455 3792 1498 3846 ac
1515 3793 1539 3845 a
1556 3771 1606 3846 D.
1624 3771 1743 3850 Suffra-

120 3911 269 3984 „ganeo
301 3887 519 3984 reliquisque
549 3889 715 3966 Patribus
747 3877 993 3969 Benedisliois
1017 3892 1139 3971 Sacris
1169 3903 1358 3987 operatum
1385 3889 1475 3975 suit,
1525 3890 1742 3990 inspestaoti·

83 4060 86 4071 ·
120 4010 216 4097 „bus
242 4029 375 4102 magno
401 4029 483 4083 curn
512 4006 670 4095 silentio,
703 4013 908 4085 attentione
929 4035 972 4085 ac
995 4012 1135 4108 stupore
1159 4010 1319 4086 subditis.
1389 4008 1535 4085 Deinde
1559 4013 1742 4108 juramen·

118 4140 232 4217 „tum
266 4126 453 4202 fidelitatis
482 4127 637 4224 petitum
672 4133 709 4207 dt
746 4131 962 4227 praestitum.
1021 4132 1227 4207 Exhibuere
1265 4129 1316 4204 issi
1347 4130 1380 4203 se
1408 4154 1432 4205 a
1456 4130 1636 4229 principio
1667 4131 1742 4237 ¹sartis

120 4246 333 4335 ,difficilem
381 4270 428 4320 eo
449 4247 548 4344 quod
568 4271 642 4323 non
673 4248 726 4324 ita
751 4251 892 4348 pridem
920 4251 1032 4326 droise
1060 4252 1304 4346 juramentum
1328 4249 1608 4352 Adminijlrctori
1643 4253 1742 4329 Wirt·

119 4364 330 4464 „tmbrrgici
355 4365 508 4440 Dncotur
531 4364 710 4458 (haeredes
734 4375 817 4445 roim
840 4384 937 4446 erant
969 4370 1076 4446 adbuc
1107 4370 1337 4466 minormnes)
1370 4370 1548 4465 praestare
1580 4366 1739 4469 compulsi

119 4484 303 4575 „fiunem
352 4484 491 4561 Verum
512 4487 761 4565 excusationes
785 4491 876 4565 nihil
901 4493 1080 4568 momenti
1104 4492 1278 4573 habuere,
1304 4492 1507 4586 parendum
1534 4491 1618 4567 snit.
1675 4492 1737 4567 Nn·

116 4626 271 4696 »merus
289 4602 528 4696 subditorum,
573 4606 638 4706 qui
670 4607 849 4706 jurarunt,
889 4610 1019 4708 fertur
1036 4613 1085 4688 ad
1120 4620 1307 4688 necentur
1335 4608 1542 4687 excurrisse.
1584 4610 1738 4703 ,Euituit

220 4724 235 4753 p
1580 4754 1585 4763 Ι
1627 4785 1648 4819 rr
1658 4730 1738 4808 inm
