3736 5160
87 332 95 348 ἱ
198 223 266 298 roo
384 287 387 293 ,
803 152 1225 319 emme
1668 308 1683 335 Ι
1811 330 1815 337 Ι

196 397 284 480 ciero
298 401 358 502 fin
377 404 521 500 nesciit.
573 400 737 481 Terciam
763 426 908 504 quoque
932 410 1039 503 incipit
1064 406 1102 487 dr
1118 402 1207 499 finit.
1236 488 1239 494 ,
1265 404 1373 489 Quod
1399 405 1436 484 dr
1463 404 1501 480 in
1526 402 1607 481 aliis
1638 404 1738 482 sestis
1775 429 1831 502 que

196 527 384 603 celebrantur
414 535 449 600 r'n
479 531 593 625 cappis.
664 523 753 602 Alio
783 525 967 601 sacerdote
999 524 1062 625 qui
1102 523 1265 601 officinas
1289 525 1477 602 benedixit
1508 522 1535 601 st
1566 526 1618 602 est
1642 524 1832 604 dominica

138 658 141 665 ’
197 645 406 722 oracionem
431 654 486 722 rn‘n
505 648 682 743 sannorum
714 644 873 722 dicente.
947 645 1021 744 lpse
1054 645 1173 721 eciam
1202 642 1369 721 sacerdos
1391 647 1455 747 qui
1480 645 1643 724 officinas
1677 645 1830 731 circuit,

49 818 52 825 -
198 767 236 845 dr
259 788 344 842 cum
369 789 415 841 eo
440 766 552 842 ceteri
576 769 717 841 manibus
740 774 876 864 nonne·
898 770 1042 855 cereos,
1067 767 1158 845 dum
1180 762 1459 857 distribuuntur,
1481 765 1721 866 accipientes,
1747 765 1831 843 aliis

197 908 264 963 eos
286 886 406 962 donec
428 896 697 984 exoccupentur
721 888 993 966 commendant

292 1079 350 1158 Aa
372 1076 563 1178 offnrorinn
583 1091 781 1181 antequam
807 1079 990 1159 Presbiter
1015 1100 1147 1157 manus
1166 1078 1267 1155 lauet
1286 1085 1424 1176 pnnun
1444 1076 1619 1178 offerentur
1640 1082 1761 1157 conen
1789 1083 1830 1179 ui

194 1203 327 1296 gradun
352 1201 423 1276 hoc
445 1201 583 1278 ordine.
633 1202 777 1280 Primus
799 1202 951 1296 dyaconus
975 1200 999 1275 sr
1021 1204 1149 1276 donnus
1168 1195 1278 1275 Ann
1301 1198 1358 1276 vei
1383 1198 1452 1274 alia
1476 1196 1558 1272 talis
1583 1200 1732 1297 persona
1751 1225 1829 1279 non

158 1344 161 1355 ’
199 1320 314 1410 adest,
345 1321 479 1426 deinde
494 1324 706 1419 subdyaconnr
726 1322 770 1410 δ’
784 1324 913 1424 ntnssri
934 1327 1055 1399 nnn.
1105 1316 1255 1396 Posthec
1277 1319 1497 1407 sacerdotes,
1521 1319 1654 1419 quique
1669 1319 1829 1417 dyaconi

202 1438 242 1517 dr
266 1440 510 1539 subdyaconi,
543 1454 651 1543 atque
677 1439 855 1531 conuerfi,
890 1439 965 1540 post
986 1440 1054 1516 hos
1086 1433 1209 1517 riuum
1239 1450 1391 1526 marnes,
1428 1439 1476 1514 ad
1502 1439 1669 1518 vltimum
1692 1434 1827 1535 insrrni.

197 1556 327 1638 Nullus
353 1572 476 1639 autem
500 1566 734 1641 obedientiarius
760 1561 913 1656 aiicujus
937 1562 1098 1635 obediencie
1121 1556 1305 1636 occasione
1334 1560 1443 1636 debet
1471 1560 1543 1635 illic
1570 1559 1698 1637 deesse.
1758 1558 1827 1637 Sa·

199 1677 385 1757 cristarum
418 1681 548 1780 aliquis
586 1682 757 1758 candelas
793 1683 943 1757 easdem
967 1681 1013 1756 de
1038 1703 1151 1757 manu
1177 1676 1371 1756 sacerdotis
1394 1676 1516 1782 ssnrflre
1548 1682 1654 1775 aliurn
1686 1680 1827 1780 absque

197 1802 316 1879 oscuio
338 1802 488 1901 accipit,
512 1824 603 1900 quus
625 1824 712 1878 mox
729 1797 790 1875 alii
813 1799 860 1875 ad
879 1799 1167 1895 extinguendum
1183 1820 1247 1875 eas
1263 1804 1388 1896 nonu
1408 1802 1557 1876 ierim
1572 1800 1734 1899 porrigit.
1768 1798 1823 1877 un
1858 1834 1862 1843 ¹

197 1946 282 2003 reru
310 1927 369 1999 duo
393 1922 536 2022 nnoffim'
558 1929 691 1998 namon
705 1919 796 1997 'suas
819 1920 991 1997 candelas
1023 1916 1187 1997 offerunt.
1250 1918 1376 1996 Postea
1400 1919 1439 1995 in
1463 1920 1544 1996 ioco
1569 1944 1642 2020 quo
1666 1919 1704 1997 id
1738 1920 1828 1997 solet·

25 2054 30 2063 '
196 2043 310 2131 fieri‚.
331 2044 408 2140 post
429 2043 656 2121 sauneionem
679 2064 856 2121 manuum
880 2041 1054 2121 sacerdoti
1079 2047 1161 2119 onix
1187 2043 1225 2120 dr
1255 2036 1350 2136 insin
1375 2040 1531 2119 offertur.
1605 2041 1677 2124 Qui
1704 2040 1824 2119 eciam

67 2184 72 2193 ·
195 2167 289 2242 duas
313 2164 503 2243 oraciones
527 2164 574 2239 ad
596 2161 854 2259 complendum
884 2161 932 2239 ad
955 2186 1069 2239 vnum
1088 2181 1145 2260 per
1168 2163 1321 2238 monnau
1347 2161 1445 2238 dicit.
1523 2161 1584 2238 Ab
1607 2158 1672 2237 isto
1695 2159 1760 2237 die
1783 2160 1824 2236 in

195 2284 270 2364 ΧΠ.
294 2286 392 2362 Lest.
414 2282 546 2360 fratres
561 2281 705 2360 letiioni
728 2295 860 2361 vacant
883 2283 1001 2359 donec
1019 2282 1209 2358 seruitores
1233 2282 1448 2358 surrexerint
1468 2305 1491 2358 a
1511 2280 1650 2367 mensa,
1675 2279 1715 2357 &
1731 2294 1825 2356 tunc

43 2442 50 2453 ·
197 2416 365 2480 cantatur
392 2426 506 2491 nona,
546 2404 584 2480 dr
614 2399 733 2497 postea
759 2407 826 2476 incr
850 2408 884 2476 r'n
912 2400 1104 2496 resonarem
1130 2403 1171 2474 od
1197 2404 1364 2505 iiirndm.
1405 2444 1452 2460 -
1492 2445 1542 2460 -
1581 2400 1680 2477 Hinc
1705 2422 1823 2499 reque

196 2504 243 2600 ad
261 2522 373 2600 LXX.
398 2522 568 2601 omnibus
587 2518 781 2597 dominicis
801 2520 930 2599 diebus
953 2528 1097 2597 rnnruria
1111 2521 1218 2617 senne
1242 2531 1398 2598 trinitatis
1423 2523 1558 2620 agitur,
1591 2521 1631 2599 dr
1661 2521 1699 2596 in
1729 2519 1823 2597 feria

194 2644 256 2722 Vl.
287 2646 325 2723 dr
355 2644 514 2766 Sabbato
550 2645 648 2738 maior
669 2638 755 2739 niffa
780 2644 817 2715 de
841 2664 928 2718 nure
952 2640 992 2719 δι
1016 2644 1052 2717 S.
1080 2641 1192 2719 Maria
1214 2641 1374 2729 canitur,
1411 2654 1573 2720 attamen
1599 2642 1622 2720 fi
1648 2638 1748 2719 miffa
1772 2642 1820 2718 de

191 2761 264 2842 illis
289 2787 352 2864 per
376 2762 444 2837 has
469 2762 577 2838 ferias
604 2785 676 2837 non
703 2772 887 2850 cantatur,
926 2785 996 2838 nec
1022 2760 1163 2839 mentio
1186 2784 1313 2841 eorum
1345 2788 1430 2841 cum
1455 2765 1620 2841 oratione
1650 2765 1699 2840 ad
1736 2763 1821 2841 mir·

150 2929 153 2935 ·
193 2884 266 2963 sam
283 2883 416 2981 'agitun

435 3032 550 3187 ¹lu
607 3098 1111 3229 nnrflnonn
1165 3099 1206 3185 s.
1262 3040 1551 3190 runnu

287 3268 330 3347 si
352 3269 422 3347 hec
445 3268 621 3346 sestiuitas
643 3268 681 3343 in
705 3267 825 3368 aliqua
848 3266 1033 3345 dominica
1054 3266 1229 3356 occurrit,
1252 3267 1291 3343 in
1312 3269 1468 3350 Sabbato
1488 3279 1694 3368 omnipatrem
1718 3276 1815 3354 Nam

189 3414 238 3467 ne
262 3390 300 3467 iu
324 3389 518 3466 secundam
542 3388 669 3465 feriam
695 3386 901 3473 differatur,
938 3386 1092 3485 impedit
1114 3393 1224 3483 uuida
1247 3386 1285 3463 S
1305 3388 1465 3479 Mathia,
1499 3391 1538 3467 in
1564 3413 1637 3490 qua
1674 3393 1817 3490 jejuna.

190 3522 259 3587 tur.
316 3509 359 3585 Si
383 3520 507 3585 autem
533 3506 571 3582 in
601 3515 696 3604 captu
712 3511 824 3604 jejnnt
849 3507 1012 3584 euenerit
1033 3507 1072 3582 in
1097 3506 1225 3584 seriam
1247 3509 1289 3587 V.
1322 3508 1494 3588 differtur.
1556 3514 1596 3590 In
1619 3516 1691 3591 hiis
1717 3515 1816 3594 sestis

189 3630 327 3706 fiante
366 3624 674 3728 quadragesimam
715 3625 754 3702 in
787 3626 859 3703 iliis
894 3640 1049 3724 quatuor
1081 3625 1212 3705 diebus
1242 3643 1453 3717 occurrunt,
1494 3657 1569 3710 non
1602 3636 1720 3732 agitor
1753 3637 1816 3713 iiia

149 3836 162 3860 Ι
187 3738 384 3848 psalmodia
405 3746 510 3823 noste
534 3743 573 3821 dr
605 3744 667 3821 dia
697 3769 771 3844 que
799 3746 838 3821 in
872 3745 968 3821 sestis
997 3742 1373 3844 quadragefimalihus.
1447 3750 1548 3829 idem
1573 3770 1697 3833 autem
1722 3759 1815 3833 ordo

187 3869 395 3946 obsematur
418 3879 505 3942 tunc
531 3861 568 3939 in
595 3865 750 3956 duarum
775 3864 955 3942 missamm
979 3865 1238 3953 celetuatione,
1270 3890 1342 3965 qne
1366 3869 1404 3945 in
1432 3869 1623 3950 natiuitate
1649 3878 1687 3951 S.
1715 3876 1815 3955 Tho·

187 4012 249 4068 me
273 3986 300 4063 sr
323 3988 361 4064 in
389 3986 450 4063 die
470 3982 598 4082 jejunii
621 3984 741 4071 venit,
766 3998 919 4086 excepta
948 3986 1135 4065 communi
1158 3985 1313 4066 fratrum
1335 3990 1587 4083 deaibaoione,
1627 3997 1703 4096 post
1734 4001 1814 4077 san·

188 4110 267 4189 stus
280 4110 376 4208 fieprr
391 4106 518 4202 fonnar
537 4130 596 4182 non
614 4111 853 4203 prononiirnnr.

458 4323 551 4411 nn
608 4324 1080 4463 viennas.
1137 4268 1520 4419 manure.
1607 4267 1608 4270 Ὗ

283 4495 439 4581 Quando
462 4492 606 4597 inffextnr
631 4495 803 4582 occurrit,
843 4493 1006 4572 festisitas
1040 4493 1080 4573 S.
1104 4494 1245 4576 Matinie
1267 4496 1306 4572 in
1340 4496 1400 4572 die
1432 4520 1504 4598 que
1527 4500 1691 4598 proxima
1717 4505 1812 4605 vigi·

188 4614 276 4696 liam
302 4615 460 4717 sequitur
481 4612 890 4707 cenomannum
913 4616 955 4695 in
979 4638 1024 4693 ea
1047 4638 1119 4717 que
1136 4626 1286 4718 propter
1308 4615 1497 4701 bissextum
1521 4627 1556 4699 in
1576 4629 1678 4702 eadem
1702 4636 1811 4704 intera

729 4802 733 4807 -
1758 4749 1811 4828 est
