3736 5160
199 253 267 331 142
800 238 1221 332 &went
1444 328 1448 335 .

322 414 709 507 LVDOVICVS
708 417 835 630 ΒΞ
873 421 1074 631 ΙΒΑΟΞΙ
1111 414 1693 632 ETLHALDENBERG

853 555 885 630 B
911 555 943 630 Β
968 556 1005 633 Α
1106 556 1189 632 XX

287 696 414 777 Abbas
443 693 654 771 Ludouicus
686 695 732 770 de
761 695 870 771 ibach
898 696 1042 792 eligitur
1066 721 1163 774 anno
1189 704 1294 794 1363.
1328 722 1374 775 eo
1401 701 1502 779 enim
1528 698 1642 778 Anno
1665 701 1828 779 Praede·

103 806 111 815 ’
193 819 304 897 celior
328 815 407 912 ejus
432 813 626 891 Heinricus
647 817 800 912 praecise
824 814 943 901 desiit,
970 816 1122 894 moritur
1144 826 1270 895 autem
1293 842 1390 894 anno
1417 844 1521 916 1393.
1550 844 1604 914 19.
1627 820 1827 901 Februarii.

194 937 358 1019 Mensem
383 933 542 1012 &diem
565 959 612 1010 ex
643 936 868 1031 Necrologiis
891 935 1040 1023 scimus,
1066 937 1218 1015 Annum
1241 937 1402 1016 Litterae·
1427 940 1535 1017 binae
1555 943 1709 1029 docent,
1734 966 1829 1041 qua·

194 1084 276 1136 rum
303 1055 436 1133 alterae
471 1076 576 1149 1392.
607 1079 664 1130 11.
690 1056 829 1130 ouum
852 1056 960 1130 datae
984 1054 1083 1144 sunt,
1110 1055 1304 1156 inquibus
1333 1060 1543 1138 Ludouicus
1572 1062 1693 1160 aliqua
1711 1075 1829 1158 prata

194 1176 359 1257 cotmilie
382 1196 447 1274 pro
479 1200 559 1252 roo.
586 1174 680 1250 Libr.
704 1173 848 1250 Halenl.
875 1173 1025 1263 dicitur,
1065 1175 1199 1253 alterae
1232 1200 1337 1275 1393.
1374 1180 1467 1257 Ferr'o
1489 1182 1552 1257 ΙΙΙ.
1576 1185 1640 1284 post
1673 1183 1827 1260 Domini·

194 1324 261 1377 cem
290 1297 507 1395 Ronioistere,
530 1293 571 1370 in
593 1295 725 1393 quibus
749 1292 936 1393 Johaones
956 1298 1003 1372 de
1025 1296 1228 1377 Roienhart
1254 1298 1400 1375 cuilibet
1427 1300 1684 1396 praetensroni,
1708 1326 1827 1402 quam

36 1474 41 1481 ·
194 1423 242 1498 de
269 1415 486 1494 Monasterio
508 1413 542 1490 se
563 1413 696 1489 habere
721 1412 942 1502 crediderat,
966 1416 1177 1504 renunciat,
1203 1419 1300 1514 quod
1315 1443 1430 1518 quum
1454 1419 1514 1498 iub
1531 1421 1677 1499 Abbate
1691 1424 1825 1517 Wein·

190 1535 346 1638 gartenli
385 1536 526 1634 Joanne
556 1533 650 1611 diuo
687 1533 925 1610 urendorffer
959 1535 1169 1632 contigerit,
1217 1538 1430 1636 expeditum
1469 1540 1536 1626 est,
1563 1541 1824 1624 *Ludouicum

192 1667 529 1856 praenotatohanno
562 1651 659 1735 vius
689 1666 855 1754 ereptum
888 1655 966 1753 jam
990 1655 1103 1736 suilie.
1171 1657 1345 1759 Sepultus
1368 1659 1419 1738 est
1444 1659 1484 1738 io
1507 1660 1655 1760 Capella
1682 1662 1730 1743 Β.
1754 1644 1825 1743 Pe-

192 1781 240 1860 tri
259 1781 343 1878 Apo
372 1773 433 1873 os,

287 2016 510 2115 Necrologus
535 2015 706 2093 Coaeuus
733 2013 805 2091 hoc
833 2012 880 2090 Ei
905 2016 1126 2095 Encomium
1146 2015 1283 2116 posuit:
1325 2018 1504 2094 Ludoulou
1526 2013 1638 2093 Atlas
1663 2025 1817 2125 repauset

182 2146 377 2340 affluo
405 2143 486 2217 beati
516 2139 608 2215 Petri
640 2137 793 2289 Apostoli,
830 2145 883 2236 qu·
901 2138 974 2234 fuit
1008 2143 1066 2217 Vir
1086 2141 1242 2239 prudent,
1269 2141 1414 2241 sobrius,
1448 2147 1585 2238 pdetus,
1609 2144 1818 2240 pudure&

286 2499 387 2580 Nihil
411 2497 571 2598 habuere
592 2466 777 2599 antiquius
799 2496 958 2597 plerique
985 2497 1122 2577 nedum
1144 2494 1273 2583 nostri,
1299 2495 1360 2574 sed
1380 2496 1418 2576 δι
1441 2497 1521 2588 alii,
1544 2523 1656 2599 quam
1673 2512 1718 2583 vt
1742 2428 1818 2583 Lit-

34 2710 45 2721 ν
74 2682 82 2690 ,
191 2633 288 2701 teras
314 2623 358 2697 ab
380 2617 658 2715 Imperatoribus
682 2629 916 2718 expeterent,
948 2616 1079 2716 quibus
1104 2618 1248 2692 suorum
1273 2616 1569 2697 Monalleriorum
1590 2622 1680 2718 Jura
1709 2638 1817 2727 utque

63 2824 66 2829 ,
190 2743 402 2819 Libertates.
415 2740 663 2815 firmarentur:
701 2763 746 2815 an
769 2740 965 2817 succederit
995 2728 1178 2814 euentus?
1216 2737 1278 2813 alii
1299 2737 1474 2834 iudicent.
1533 2740 1640 2818 Talea
1677 2748 1820 2847 aceepit

191 2885 334 2964 quoque
363 2858 425 2936 hic
456 2859 583 2935 Abbas
617 2858 735 2935 noster
760 2886 783 2935 a
811 2859 1026 2941 Wenceslao
1050 2859 1299 2936 Romanorum
1329 2860 1448 2954 Rege,
1489 2860 1750 2959 quibustuae
1775 2862 1821 2957 Θ

186 2985 347 3083 perpetuos
368 2978 464 3075 iuliit
486 2979 627 3074 gracias
655 2980 807 3055 aPatre
834 2979 895 3056 suo
924 2976 1056 3054 Carolo
1081 2978 1140 3057 iv.
1165 2978 1355 3057 concellus
1429 2976 1546 3055 Dntae
1573 2983 1656 3058 lunt
1688 2986 1816 3064 libric-
1846 3008 1852 3017 ·

191 3089 297 3198 bergos
319 3101 430 3177 Anno
452 3121 554 3193 ¹39¹·
579 3097 651 3177 ahu
678 3100 732 3176 St
751 3099 933 3181 Dorothee
949 3095 1056 3193 Tage.
1106 3099 1164 3185 Id,
1200 3099 1299 3196 quod
1316 3096 1535 3177 luculenter
1557 3104 1693 3198 probat
1706 3104 1811 3186 Wen·

191 3222 352 3301 ceslaum
375 3241 471 3293 anno
497 3240 600 3313 139¹·
632 3221 701 3312 (vt
724 3217 818 3293 Clar.
844 3220 889 3295 l).
911 3216 1070 3295 Michael
1091 3218 1252 3315 [gnatius
1278 3216 1432 3294 Schmid
1454 3217 1493 3293 in
1526 3217 1609 3296 suae
1637 3220 1811 3305 Historia

192 3322 459 3421 Germanorum
481 3348 571 3439 part
587 3337 647 3416 lV.
667 3359 748 3436 pag.
771 3361 827 3439 24.
854 3336 1008 3435 adierit)
1029 3339 1151 3416 denuo
1177 3338 1434 3434 Norimbergae
1456 3336 1568 3415 fuilie,

284 3574 466 3654 Prioribus
489 3571 595 3649 annis
610 3572 700 3669 julio
720 3571 885 3671 Gregorii
908 3575 968 3650 Xl.
994 3595 1052 3674 pp
1074 3571 1252 3669 vestigati,
1277 3571 1336 3648 seu
1360 3572 1580 3653 contributio
1603 3575 1670 3677 (vt
1689 3581 1821 3684 aiunt)

191 3697 368 3797 generalis
396 3716 460 3793 per
484 3692 740 3770 Alemanniam
766 3694 899 3771 indilta
919 3693 1005 3782 fuit,
1031 3716 1124 3794 quae
1147 3692 1338 3768 Lndouico
1357 3694 1475 3771 nostro
1498 3718 1543 3771 eo
1567 3698 1694 3775 euenit
1719 3724 1824 3801 aeet-

191 3819 285 3908 bior,
320 3814 417 3915 quod
440 3812 531 3888 alias
556 3811 751 3900 aerarium,
782 3824 986 3927 temporum
1009 3810 1220 3911 iniquitate,
1255 3810 1468 3891 exhaustum
1492 3816 1589 3891 eliet.
1651 3816 1718 3896 Ad
1744 3820 1823 3902 Cu-

191 3939 332 4018 mulum
357 3955 443 4011 vero
469 3930 716 4007 calamitatum
740 3932 881 4008 accessit
905 3932 1117 4010 Incendium
1142 3952 1240 4006 anno
1268 3952 1372 4030 1375.
1412 3960 1444 4011 2.
1468 3933 1620 4032 Augusti
1649 3938 1823 4021 fulminis

191 4044 264 4138 iun
287 4065 473 4137 exortum,
496 4052 594 4149 quod
625 4049 706 4128 rudi
731 4051 878 4149 quidem
904 4075 1039 4140 auena,
1077 4053 1137 4131 sed
1162 4053 1208 4130 ad
1232 4050 1479 4152 plangendum
1500 4056 1600 4137 hunc
1622 4056 1821 4158 lugubrem

192 4171 420 4305 casum'satis
442 4185 527 4271 apta
552 4192 710 4249 coaeuus
735 4171 849 4248 Poeta
873 4171 1023 4250 cecinit:
