3736 5160
172 270 237 345 118
795 266 1214 360 ewssffle

264 443 356 519 Deus
380 441 574 541 affertur,
598 441 796 539 antiphone
821 444 958 539 prefate
986 444 1223 541 subiungitur,
1257 468 1327 547 que
1350 445 1471 544 &per
1495 445 1647 543 singulos
1675 452 1800 530 versus

167 561 334 661 ejusdem
362 564 485 660 psalmi
506 563 690 661 repetitur.
744 564 791 637 Et
806 565 925 659 postea
949 564 1031 660 psal.
1056 564 1163 640 Beati
1180 572 1386 654 immaculati,
1410 565 1448 641 in
1472 592 1544 664 qun
1566 568 1697 646 iterum
1720 573 1802 670 pou

167 687 228 760 osio
243 686 348 781 vrrsru
370 685 499 760 eadem
519 683 716 779 antiphona
737 683 964 780 subsequitur.
1012 684 1108 760 Cum
1132 685 1266 760 adhoc
1286 687 1616 773 ventumfueritut
1633 694 1802 766 adornans

164 821 332 902 pauperum
361 802 719 900 aquaministretur,
760 817 848 878 tunc
870 803 909 879 &
939 803 1008 876 asie
1036 802 1234 898 antiphone
1255 806 1302 881 ad
1330 807 1545 884 mandatum
1574 810 1801 905 pertinentes

170 932 363 999 cantantur
388 925 522 1019 absque
552 921 611 995 issa
645 921 855 1020 antiphona.
918 919 1006 996 Ante
1029 928 1106 996 dion
1127 923 1243 1016 sesiam
1267 919 1395 1023 posse,
1433 939 1644 1021 percantato
1670 942 1801 1008 tamen

34 1038 43 1050 “
169 1042 267 1141 prius
298 1042 322 1116 sr
349 1040 437 1139 quid
463 1052 627 1115 remanet
652 1044 699 1116 de
732 1045 812 1118 osio
839 1042 993 1118 versrbus
1025 1042 1088 1140 qui
1117 1054 1205 1120 tunc
1239 1043 1363 1121 inore
1385 1044 1453 1131 est,
1494 1069 1579 1125 cum
1603 1051 1692 1127 Ant.
1724 1052 1800 1127 Dr·

170 1170 273 1239 rninw
296 1156 402 1262 Jrfirr.
453 1159 625 1236 sednon
648 1161 731 1237 ideo
759 1161 922 1240 differtur
944 1170 1122 1240 manuum
1146 1163 1299 1240 lauaeio.

183 1440 187 1449 ·
268 1401 308 1478 in
334 1424 510 1481 manuum
529 1403 722 1479 iauacione
748 1402 820 1479 hoc
849 1403 1055 1482 obseruatur
1075 1403 1173 1503 quod
1203 1403 1450 1504 unusquisque
1468 1428 1578 1481 cruor
1600 1405 1645 1503 *)
1669 1406 1709 1485 dc
1728 1432 1803 1482 rurr-

172 1530 346 1618 rutrrgiurrr
371 1524 479 1598 abeo
505 1523 637 1621 accipit
663 1523 724 1622 qui
750 1537 835 1598 ante
863 1523 896 1599 se
922 1524 1022 1600 lauit.
1094 1523 1216 1598 Finita
1240 1523 1309 1598 hac
1338 1525 1527 1600 lauacione
1553 1527 1681 1600 domum
1702 1525 1802 1604 Arra

172 1643 333 1721 assumtis
365 1643 510 1741 aliquod
539 1645 586 1720 ad
623 1644 694 1718 hoc
719 1643 862 1720 idoneis
892 1643 1061 1720 fratribus
1098 1643 1249 1719 exhibet
1286 1645 1404 1720 eciam
1449 1645 1596 1721 lauandi
1635 1647 1799 1726 officium

162 1762 373 1859 farisioium
388 1769 584 1862 paupertim.
634 1763 717 1840 Hoc
744 1787 888 1864 quoque
913 1764 1111 1841 ministerio
1137 1767 1316 1862 cantuque
1342 1764 1446 1839 sinito
1474 1769 1579 1840 tainu
1609 1789 1630 1839 a
1656 1768 1799 1843 domno

173 1883 315 1959 Abbate
340 1883 388 1958 ad
411 1880 530 1959 iocum
557 1887 658 1963 sirum
685 1886 825 1959 reuerso
852 1883 958 1960 semel
985 1884 1202 1982 percutitur,
1227 1887 1264 1963 dr
1293 1888 1455 1961 bemdibio
1470 1887 1565 1982 strper
1593 1895 1702 1960 vinum
1723 1905 1803 1984 pro·

32 2006 37 2025 ⁴
166 2006 334 2102 pinnam
363 2002 425 2077 sub
451 2001 589 2079 mentio
618 2006 742 2091 datur,
781 2022 866 2080 cum
897 2029 970 2105 quo
1000 2004 1117 2080 eciam
1146 2003 1207 2078 iilo
1240 2005 1436 2102 incipiente
1463 2006 1607 2101 fiuguiis
1632 2006 1808 2106 pauperi-

171 2126 279 2199 busa
304 2121 449 2218 hngrdis
469 2123 638 2199 fratribus
667 2128 725 2200 duo
751 2129 870 2201 denarii
898 2147 990 2223 quos
1027 2124 1166 2200 dodum
1195 2137 1428 2222 acceperunt,
1477 2148 1524 2200 ex
1548 2148 1620 2203 vna
1643 2114 1747 2224 pirre
1776 2151 1801 2204 a

173 2244 354 2317 Krnuorio
382 2244 421 2322 dr
442 2264 489 2318 ex
519 2243 631 2320 astera
657 2247 701 2322 ab
730 2244 809 2339 ejus
842 2243 935 2323 socio
958 2266 1021 2342 per
1050 2266 1182 2321 manus
1207 2244 1365 2321 osculum
1397 2244 1621 2334 tribuuntur,
1661 2246 1807 2324 irata-

172 2385 258 2441 meu
286 2372 326 2439 vt
347 2360 469 2436 nuilus
495 2387 650 2439 nurnrnarn
669 2366 728 2463 suo
744 2371 871 2462 purperi
900 2365 1056 2452 tribuat,
1093 2363 1304 2461 priusquam
1336 2367 1477 2440 Priorem
1504 2365 1636 2442 dedisse
1663 2369 1803 2447 videat.

173 2482 297 2560 Postea
318 2504 404 2558 vero
419 2482 629 2576 spatharium
648 2488 831 2582 pauperibus
852 2487 970 2559 tenor
992 2506 1057 2581 per
1079 2485 1257 2581 quosdam
1277 2475 1403 2560 eorum
1435 2498 1645 2581 erogantur,
1669 2508 1694 2561 a
1718 2489 1803 2588 qui-

172 2602 304 2681 bus&
336 2624 430 2700 aqua
461 2602 516 2678 eis
553 2604 842 2680 amministretur.
907 2605 989 2687 Quo
1011 2605 1152 2701 peratio
1182 2608 1320 2678 mnibus
1347 2613 1503 2681 sarsinatis
1540 2606 1721 2683 dicendus
1747 2608 1802 2687 est

95 2770 99 2775 ·
173 2724 293 2804 versus
318 2725 355 2801 dr
371 2720 493 2797 oracio
522 2747 545 2797 a
573 2724 709 2799 domno
740 2726 869 2801 abbate
888 2745 959 2822 que
987 2726 1025 2801 dt
1045 2732 1079 2797 irr
1097 2729 1204 2797 crinis
1243 2725 1346 2798 diebus
1366 2727 1406 2799 ors
1427 2732 1605 2800 mondoum
1629 2744 1800 2825 pauperum

140 4982 168 5039 l

174 2851 234 2921 dici
252 2845 366 2936 friam
393 2842 446 2918 ita
464 2856 588 2920 tamen
612 2868 648 2919 rrr
662 2845 748 2943 poffit
772 2848 885 2918 miri.
933 2843 982 2917 Et
1004 2845 1040 2918 in
1062 2844 1159 2916 hunc
1182 2841 1296 2919 eciam
1319 2846 1469 2921 modum
1490 2846 1624 2943 psaimo
1646 2847 1709 2924 [θ.
1729 2849 1802 2928 im·

173 2963 285 3064 posrto
301 2964 456 3037 redeunt
471 2964 518 3038 ad
539 2965 743 3048 ecciehnm,
768 2964 900 3039 iterum
917 2965 1092 3061 prioribus
1105 2962 1400 3061 precedentibus,
1424 2966 1485 3062 qui
1501 2972 1623 3042 tumen
1640 2969 1799 3065 psalmus
1859 3006 1862 3011 ·

107 3160 112 3169 ,
175 3088 248 3162 srue
270 3081 370 3161 versu
392 3082 618 3163 &oracione
639 3083 772 3158 sinitur.
820 3082 969 3159 interim
996 3097 1117 3158 tamen
1140 3082 1229 3159 dum
1252 3086 1465 3160 mandatum
1490 3085 1612 3175 fiebat,
1639 3088 1811 3187 percussit,
1858 3186 1861 3193 Ι

175 3204 226 3281 est
250 3203 373 3279 tabula
393 3202 508 3278 tantis
527 3202 685 3288 vicibus,
707 3201 853 3301 quantis
877 3200 990 3281 soient
1005 3203 1051 3277 ad
1072 3202 1235 3299 vesperos
1254 3202 1392 3298 pulsari.
1443 3205 1517 3281 Sed
1534 3225 1724 3286 conuentu
1742 3211 1794 3286 in'·

176 3336 296 3400 trante
310 3325 409 3397 iniust
424 3346 514 3419 quarn
527 3328 628 3419 piures
641 3330 708 3397 uice
719 3322 879 3418 fignrrum
897 3328 1031 3397 earnium
1048 3342 1071 3395 a
1093 3320 1295 3398 custodibus
1311 3322 1457 3398 ecclesie
1476 3328 1523 3402 ad
1540 3326 1668 3403 ostium
1685 3329 1796 3433 ipsius

176 3441 333 3521 Ecclesre
350 3441 524 3517 stantibus
535 3440 798 3539 percuciuntur.
847 3438 1052 3517 Carrtautur
1070 3438 1202 3536 vesperi
1225 3453 1373 3516 cantore
1395 3444 1652 3523 ebdomadario
1678 3448 1801 3551 impo-

176 3575 288 3643 nente
312 3559 401 3639 Ant.
428 3566 555 3637 &suem
566 3564 728 3657 saintois.
778 3602 828 3619 -
878 3602 927 3617 -
976 3558 1107 3633 Finitis
1132 3558 1285 3655 vesperis
1304 3560 1399 3657 super
1416 3562 1542 3656 formos
1560 3575 1799 3666 procurabitur,

179 3688 217 3763 dr
241 3685 288 3759 de
311 3696 432 3758 cetero
458 3683 601 3779 vespera
638 3679 725 3756 ficut
757 3679 980 3755 matutinum
1006 3676 1139 3752 sinitur.
1205 3680 1275 3752 Pro
1303 3684 1427 3755 cindato
1458 3686 1656 3779 percutitur
1689 3694 1803 3765 tabula

177 3826 287 3904 quam
308 3802 394 3879 ilius
417 3800 533 3900 posuit
553 3801 765 3894 nseslororr'us
789 3811 976 3896 acceptam
1003 3822 1024 3872 a
1042 3799 1179 3898 surrssrr.
1229 3794 1303 3872 Sed
1319 3798 1359 3875 vin
1391 3801 1547 3895 refrtlorio
1570 3828 1626 3901 pro
1642 3808 1731 3901 frisio
1752 3833 1804 3883 ce·

177 3928 265 4003 ditur
292 3947 362 4000 arm
394 3926 490 4016 ihm
518 3927 622 3995 mauu
647 3926 843 4018 principuu-
859 3920 977 4016 ’νημαι
1040 3915 1162 3992 Maliei
1188 3928 1312 3991 autem
1343 3929 1409 3992 tres
1440 3920 1490 3994 ibi
1527 3922 1606 3998 sunt
1643 3924 1680 3999 in
1715 3926 1801 4004 ioco

178 4053 274 4122 trium
301 4046 456 4126 citarum,
487 4039 547 4138 qui
573 4042 611 4116 dt
641 4038 825 4134 suppleant
854 4037 971 4114 vicem
995 4033 1147 4110 iliarum.
1206 4034 1256 4112 lbi
1282 4059 1353 4134 que
1381 4039 1536 4115 dicenda
1567 4042 1648 4120 sunt
1671 4050 1832 4126 omnia.

178 4176 298 4265 preter
332 4160 520 4238 sessionem
553 4159 613 4232 sub
644 4157 787 4232 srsencio
812 4157 1000 4242 dicuntur,
1044 4152 1132 4229 srcut
1165 4156 1203 4231 dt
1235 4156 1354 4252 postea
1384 4159 1430 4233 ad
1459 4160 1643 4241 ecciesram
1678 4190 1803 4264 regre-

178 4285 337 4365 diuntur.
389 4279 433 4380 Si
460 4280 555 4355 Prior
581 4277 704 4354 lettori
731 4279 771 4353 od
795 4282 958 4351 remmon
984 4279 1111 4370 ascum
1136 4274 1260 4369 uersus.
1291 4286 1329 4349 vt
1351 4278 1515 4367 dimittor,
1540 4288 1660 4372 hoaut,
1699 4288 1802 4384 ejus-

177 4407 264 4501 dem
283 4400 403 4479 versus
417 4405 528 4495 -arrqur
550 4400 645 4473 onio
666 4403 785 4493 repetii.
859 4394 901 4473 Si
927 4418 1013 4469 vero
1044 4400 1078 4468 in
1107 4394 1203 4468 medio
1231 4395 1351 4470 versus
1378 4396 1518 4488 innuit,
1557 4402 1712 4501 perietio
1736 4430 1802 4483 eo·

65 4494 72 4511 ’
177 4526 265 4601 dem
288 4520 389 4601 versu
408 4518 506 4630 finit.
535 4564 540 4573 ·
581 4516 821 4597 Nouumauu
846 4518 963 4592 mauu
986 4511 1117 4589 fratres
1148 4511 1275 4590 lauant
1298 4515 1416 4612 pedes
1442 4516 1481 4596 ἀ
1508 4522 1627 4621 postea
1652 4520 1803 4602 sessioni

1646 4661 1782 4722 vacant

218 4784 254 4870 ⁸.)
277 4756 362 4872 Vasir
380 4799 474 4868 goras
491 4781 610 4867 ¹grueria
630 4802 720 4838 unu
739 4777 785 4845 ves
804 4796 921 4853 nme,
946 4770 1070 4863 Gsoffar.
1090 4738 1135 4843 rso
1154 4776 1263 4844 amm
1289 4777 1322 4844 Τ.
1339 4777 1386 4847 ΙΙ.
1408 4797 1440 4866 p.
1457 4797 1532 4867 417·
1610 4754 1638 4835 A·
1787 4700 1799 4734 ν
