3736 5160
52 210 55 215 ’
143 267 266 342 ω
486 258 489 267 ·
796 240 1295 336 *mmm

288 421 342 499 lili
367 442 454 500 vero
478 431 553 500 tres
579 422 764 500 incensum
786 423 825 503 dr
850 418 1067 497 candelabra
1091 441 1213 497 coram
1233 415 1336 493 altari
1357 424 1526 493 tenentes
1552 416 1670 495 donec
1693 419 1822 498 omnir

191 540 367 620 finiantur
393 541 479 618 inde
508 565 581 618 non
607 542 811 630 discedunt,
839 538 903 618 nisa
934 539 1033 638 quod
1059 541 1097 619 in
1132 539 1259 618 ordine
1292 538 1353 613 suo
1378 538 1418 610 ad
1448 549 1682 613 ramnumiomrn
1713 561 1822 617 acce·

192 663 296 738 dunt.
357 661 536 738 Sacerdos
564 683 694 758 corpus
718 661 942 739 dominicum
970 660 1152 759 accipiens
1177 663 1214 739 ds
1251 658 1402 735 calicem
1434 655 1535 736 solito
1566 681 1667 735 more
1701 670 1820 759 apesin

192 781 407 880 incensoque
435 781 597 859 adhibito
625 771 781 882 lotisque
803 781 1000 878 digitorum
1029 793 1158 877 qaunur
1171 782 1405 877 summitatibus
1430 775 1542 852 tonali
1566 802 1654 854 voce
1683 780 1741 856 sed
1763 794 1825 856 ta·

190 922 278 979 men
305 905 446 977 nudiacri
466 900 611 998 incipit:
641 904 772 993 Orenrur
796 907 945 1010 preceptis
963 903 1172 998 salutaribus,
1220 901 1256 976 dr
1284 910 1403 974 cetera
1429 918 1542 992 nsque
1564 897 1602 973 in
1628 899 1738 976 finem
1763 903 1820 976 da·

190 1028 315 1111 inirrisr,
331 1027 498 1107 oracionis,
545 1035 730 1098 conuentu
762 1020 1017 1118 subjungente:
1067 1019 1129 1097 Srd
1163 1020 1258 1095 lisera
1290 1040 1346 1092 aas
1377 1041 1398 1091 a
1428 1022 1507 1093 nris
1554 1059 1604 1076 -
1625 1039 1819 1095 „serrano

190 1138 281 1216 scut
305 1163 387 1217 mos
414 1140 481 1227 eii,
523 1141 682 1238 sequitur
702 1141 830 1217 naua
853 1166 908 1217 nas
928 1143 1096 1242 quesumus.
1164 1136 1353 1234 Postquam
1379 1135 1484 1232 plane
1513 1135 1609 1219 diilo
1632 1155 1691 1236 prr
1713 1146 1820 1241 amma

181 1259 290 1357 serula
327 1283 459 1337 omnes
482 1260 741 1358 ‘responderint
768 1258 890 1346 Amen,
937 1261 1105 1337 sumitis
1136 1276 1254 1355 corpore
1278 1259 1393 1330 darrrr'rri
1423 1255 1462 1331 dc
1491 1279 1576 1334 cum
1602 1281 1647 1333 eo
1684 1262 1819 1356 matr&

188 1401 260 1454 aras
284 1384 387 1454 saliuis
412 1380 606 1456 secundum
631 1360 775 1456 solitum
796 1404 884 1455 crura
903 1379 995 1474 satra
1017 1387 1117 1456 mittit
1138 1385 1171 1456 in
1194 1382 1313 1454 caiirarn
1343 1374 1436 1451 nihil
1460 1376 1597 1453 dicens.
1669 1376 1817 1472 Sontini·

189 1509 280 1574 ratur
303 1509 403 1573 urtam
431 1504 538 1572 uinum
562 1520 621 1573 nan
644 1501 844 1594 consecratum
867 1516 925 1596 per
953 1519 1062 1597 corpur
1082 1501 1273 1572 dominicum.
1332 1496 1382 1572 Et
1406 1495 1653 1572 communicat
1681 1495 1817 1597 ipse&

186 1615 353 1693 sacerdos
381 1615 443 1716 qui
469 1616 587 1694 vicem
608 1615 752 1692 diaconi
774 1618 884 1713 gerit,
908 1619 1008 1695 idem
1036 1619 1097 1716 qui
1121 1617 1220 1715 priua
1241 1615 1382 1693 domini
1408 1615 1542 1692 obtulit
1565 1638 1714 1714 corpur,
1749 1622 1816 1696 de·

186 1736 275 1814 inde
298 1735 388 1813 albis
416 1736 557 1843 induti,
604 1734 689 1811 exin
715 1759 779 1834 por
808 1737 974 1818 ordinem
1000 1737 1134 1824 ceteri,
1168 1737 1216 1813 ad
1239 1736 1408 1815 ultimum
1437 1734 1583 1814 infirmi.
1655 1736 1763 1813 Tunc
1790 1734 1826 1817 u

128 1912 131 1917 ·
185 1857 275 1959 quid
301 1858 348 1933 de
378 1856 575 1934 eucharista
602 1854 752 1950 residuum
775 1857 900 1946 suerit,
926 1858 959 1934 is
986 1858 1048 1958 qui
1071 1869 1216 1956 passum
1239 1857 1327 1953 infra
1340 1857 1514 1956 saaelrrn'
1527 1857 1678 1932 senet-de
1699 1878 1813 1936 manu

186 1976 380 2055 sacerdotis
403 1977 553 2075 accipit,
577 1999 642 2050 ona
664 1986 786 2051 tartum
814 1973 910 2079 issiu
930 1981 1059 2076 aionas
1082 1978 1172 2074 arrasa
1191 1984 1321 2076 perimis·
1335 1976 1475 2071 Marta
1494 1984 1628 2053 rasuris
1646 1977 1816 2078 reform

186 2097 457 2174 Communione
478 2098 619 2195 peralta
646 2100 844 2194 extinctisque
865 2104 997 2174 candelis
1027 2098 1227 2196 percutitur
1255 2097 1392 2184 ubila,
1417 2107 1458 2177 vt
1483 2096 1548 2173 fiat
1568 2103 1667 2171 orasis
1693 2098 1816 2196 assper-

184 2224 264 2295 rina.
314 2217 462 2294 Exeunt
484 2215 613 2294 fratres
632 2219 723 2313 peaes
744 2223 867 2304 uam,
897 2221 934 2297 dr
962 2216 998 2292 se
1020 2221 1211 2294 diurnalibus
1236 2224 1373 2294 calciam.
1437 2210 1587 2293 Interim
1611 2216 1685 2291 due
1708 2220 1817 2295 tabu-

182 2332 223 2412 le‘
249 2337 285 2411 in
311 2337 390 2412 vice
416 2336 569 2411 duorum
595 2336 773 2432 signorum
803 2340 997 2421 ceduntur.
1024 2336 1254 2416 venientibus
1275 2337 1446 2414 fratribus
1467 2337 1505 2413 in
1529 2338 1679 2413 chorum
1700 2359 1820 2437 quem

14 2530 19 2537 .
130 2554 133 2558 ῃ
183 2454 306 2555 plures
328 2455 595 2553 percutiuntur,
622 2459 657 2533 dc
684 2461 742 2539 dua
765 2464 931 2533 luminaria
960 2458 1265 2544 reaccenduntur,
1292 2457 1458 2534 secuntur
1484 2455 1628 2554 vesperi.
1664 2494 1717 2513 ·-
1753 2456 1817 2534 Fi·

182 2573 262 2652 uita
294 2574 435 2671 vespera
474 2574 647 2652 custodes·
672 2577 819 2653 ecclefie
848 2576 1032 2675 assumptis
1069 2576 1207 2676 aliquot
1232 2580 1279 2653 de
1301 2580 1472 2679 sanunlur
1502 2580 1687 2676 presbiteris
1721 2599 1816 2658 mox

179 2693 317 2792 singula
346 2693 472 2770 altaria
492 2694 670 2793 incipiunt
698 2698 846 2794 desuper
872 2703 996 2785 lauare,
1034 2695 1192 2799 primum
1228 2720 1312 2774 cum
1340 2722 1437 2795 apsa,
1478 2697 1612 2773 deinde
1633 2702 1727 2773 oua:
1764 2702 1814 2780 od

181 2817 280 2916 quod
304 2814 421 2890 eciam
442 2836 533 2912 opus
555 2838 625 2891 nec
640 2819 766 2914 spongia
791 2829 933 2906 carent,
966 2817 1164 2916 quemlibet
1187 2818 1372 2893 inhibente
1393 2820 1579 2916 liquorem.
1638 2818 1736 2899 Cum
1757 2834 1813 2899 ta·

183 2935 269 3015 bula
293 2934 422 3010 fratres
445 2937 492 3011 ad
513 2934 703 3030 raedarium
731 2948 925 3024 vocantur,
949 2939 1009 3015 vbi
1034 2943 1146 3014 aridas
1176 2948 1298 3012 sanun
1317 2934 1426 3012 nubas
1449 2936 1524 3013 bini
1554 2938 1592 3014 dr
1616 2937 1696 3015 bini
1717 2944 1812 3019 acai-

23 3116 25 3120 1
181 3056 298 3157 piunt.
370 3050 497 3151 Aquam
528 3056 567 3134 dr
599 3055 638 3133 in
663 3054 733 3132 hac
758 3054 837 3132 rice
867 3055 905 3134 dt
932 3056 1052 3153 postea
1086 3056 1172 3132 illuc
1199 3056 1407 3145 venientes,
1454 3056 1584 3156 quibus
1615 3057 1808 3155 placuerit.

181 3176 319 3256 bibunt
389 3173 488 3251 Nam
511 3186 621 3269 potus
645 3173 706 3272 qui
723 3176 854 3276 justiciis
879 3173 923 3275 ⁰)
955 3177 993 3250 in
1021 3176 1092 3254 hac
1117 3176 1177 3252 die
1203 3180 1251 3252 iis
1281 3174 1502 3260 infunditur,
1537 3177 1581 3251 ab
1610 3182 1805 3276 rtrmasausr'r

179 3302 214 3372 in
240 3297 314 3391 ussus
340 3308 505 3391 pauperum
526 3304 657 3390 utraque
680 3300 746 3369 vus
773 3317 810 3368 rs
832 3300 951 3389 integra
973 3303 1129 3393 ran'pitur.
1186 3295 1317 3373 Sermo
1343 3292 1502 3396 Jossarnis
1529 3298 1693 3394 cristuliarnr'
1725 3300 1819 3399 legi·-

180 3423 242 3492 tur
267 3414 534 3509 adbcallra‘anon,
564 3412 626 3511 qui
649 3412 700 3487 est
724 3415 758 3485 da
781 3435 868 3488 crura
895 3415 938 3500 i?
961 3417 997 3491 dr
1023 3424 1151 3491 latrone.
1200 3457 1250 3473 -·
1299 3418 1350 3472 ’-
1399 3415 1487 3491 inde
1513 3420 1559 3493 ad
1582 3417 1708 3498 tabule
1733 3423 1811 3521 pul·

180 3531 361 3611 sacionem
389 3528 429 3606 in
456 3530 681 3609 resetiorium
708 3528 798 3618 itur,
838 3543 878 3609 vt
903 3539 1122 3631 aliquantulum
1147 3537 1183 3609 dr
1205 3543 1276 3610 uina
1297 3539 1482 3634 prelisrlur,
1524 3528 1666 3636 dequo
1689 3545 1812 3625 eciam

181 3654 337 3750 uitusse
367 3653 519 3739 abstinet,
556 3650 654 3749 quod
676 3661 801 3727 tamen
823 3675 869 3729 eo
897 3652 1025 3732 ordine
1054 3655 1145 3733 ficut
1172 3640 1310 3752 semper
1343 3659 1383 3732 ad
1403 3659 1582 3739 munaum
1611 3657 1690 3736 sieri
1720 3662 1814 3745 solet

183 3771 319 3871 agitur,
342 3767 502 3870 sequitur
525 3775 758 3870 completoriam.

467 4029 564 4118 IN
631 4034 1057 4125 SABBATO
1132 4034 1513 4124 SANCTO.

275 4284 326 4304 -
373 4284 424 4302 -
471 4286 522 4304 -
569 4242 654 4321 Post
673 4245 896 4324 matutinum
922 4254 1071 4323 ornatur
1098 4243 1245 4322 ecclesia
1274 4247 1313 4325 dr
1344 4243 1471 4321 altaria
1491 4198 1615 4343 palliis,
1646 4253 1811 4338 nulium.

180 4388 252 4469 que
275 4365 429 4444 linteum
452 4364 556 4464 super
579 4360 725 4465 aliquod
754 4365 867 4444 attare
893 4367 1070 4456 mittitur,
1097 4367 1196 4466 quod
1222 4388 1297 4443 non
1324 4364 1369 4442 fit
1396 4373 1505 4464 aprina
1528 4371 1677 4452 luurnn
1728 4378 1809 4456 psi.

1743 4521 1808 4577 mi

150 4624 157 4629 ’
223 4645 259 4728 ⁸)
280 4646 320 4712 ia
340 4648 395 4736 est:
425 4649 544 4733 poculir
562 4646 707 4721 vinariis,
725 4668 766 4713 raa
776 4650 898 4738 stantis
914 4648 1055 4737 Hugoris
1072 4648 1206 4717 chrm
1229 4646 1276 4715 Ei
1294 4646 1366 4715 ⁰¹¹⁹&
1379 4648 1503 4741 ΡΨ,
1523 4652 1591 4725 vl'lt
1613 4643 1745 4747 Gbffflrss
1760 4662 1804 4729 s·

266 4753 375 4840 cnagsr
398 4752 432 4820 Τ.
447 4753 513 4822 III.
531 4772 566 4842 p.
580 4754 674 4837 15⁶8·
694 4774 726 4826 n.
739 4774 774 4842 3.
