3736 5160
73 221 77 230 ⁸
193 243 238 316 1⁶
797 249 1217 342 &mmor

195 426 338 501 molet
357 427 428 500 issar
447 424 579 521 ponendo
595 428 800 539 permutanda
827 432 861 501 in
879 449 940 524 qua
960 431 1093 503 Artoria
1112 425 1393 528 (Altdorisenfi)
1426 429 1470 518 εἰ
1488 431 1547 528 ipsc
1564 435 1748 536 postmodun
1770 437 1828 510 de·

158 622 164 629 ,
188 543 318 642 surdus
335 544 497 639 requiescit.
560 543 664 620 Duae
690 544 748 620 hia
778 546 896 622 verbis
917 546 1082 624 oriuntur
1105 546 1357 626 Difficultatea.
1426 572 1457 624 1.
1483 550 1556 636 Qui
1585 553 1744 650 potuerit
1771 558 1825 632 ise

93 697 106 747 ς
202 664 320 759 Wrtfas
343 661 537 739 uansserre
557 662 637 736 loco
658 664 877 771 Monachus,
902 690 1014 765 quum
1032 679 1154 744 tameo
1172 666 1416 765 septendecim
1432 667 1564 745 Annos
1587 658 1686 767 prius
1712 694 1826 772 quarn

195 783 265 861 loci
289 781 444 859 mutatio
468 782 640 878 contigit,
664 782 852 861 defunstus
877 784 1014 871 fueriti
1067 811 1098 860 a.
1125 787 1318 872 Quomodo
1334 784 1481 887 ‚sepeliri
1503 790 1623 886 potuit
1646 790 1683 866 in
1714 792 1825 866 Abbr-

197 911 242 980 tio
267 900 513 990 Aitdorffenii‚
544 902 567 976 sr
589 902 686 999 prior
699 901 790 1002 ipse,
824 916 933 1004 atque
950 905 1121 983 Monachi
1148 906 1220 982 huc
1242 909 1503 994 aduentamut,
1546 909 1669 986 viuere
1689 908 1824 992 desit?

70 1064 102 1075 1·
195 1023 364 1122 Inprimis
383 1019 473 1096 citra
495 1021 678 1119 piaculum
698 1021 819 1102 dicere
839 1024 989 1121 possem,
1015 1025 1239 1103 Monachum
1266 1026 1424 1104 noiimm
1453 1050 1565 1127 prope
1592 1027 1709 1126 sesqui
1735 1030 1827 1105 Sae-

31 1216 35 1227 ,
196 1143 279 1222 cuio
301 1143 346 1217 ab
374 1139 445 1216 hoc
464 1140 573 1220 Fadio
600 1153 782 1218 remotum
813 1141 949 1241 aliquid
972 1147 1185 1224 humanitus
1208 1144 1309 1221 fuisse
1329 1147 1482 1243 passum,
1523 1160 1633 1247 atque
1654 1147 1826 1224 Autono-

194 1265 272 1357 mia
289 1263 482 1358 deceptum
504 1261 661 1338 tribuisse
682 1260 795 1345 Patri,
819 1264 918 1360 quod
939 1265 1170 1349 tribuendum
1191 1265 1270 1340 roa
1295 1266 1424 1342 suisset.
1483 1267 1657 1345 Profetro.
1670 1269 1824 1369 restaren-

193 1392 305 1462 tsrrern
324 1403 408 1460 cum
423 1387 617 1459 translatione
630 1379 828 1457 contudisse
855 1382 1009 1469 videtur.
1033 1408 1145 1483 quum
1171 1385 1218 1461 de
1250 1391 1303 1461 itta
1324 1385 1446 1467 altum
1460 1384 1580 1462 sileat:
1620 1398 1729 1485 atque
1748 1391 1827 1463 tanc

195 1503 332 1582 idcirco
368 1500 502 1596 Wifonr'
526 1501 572 1576 II.
611 1500 767 1577 tribuisse
798 1501 939 1601 pridem
964 1500 1107 1580 tumulo
1126 1503 1272 1581 inlato·
1300 1483 1462 1601 ’Vemm
1489 1505 1679 1582 insistendo
1711 1507 1827 1584 etiarn

194 1623 315 1702 textui
339 1622 415 1716 ajo,
440 1619 581 1714 Wesfum
598 1620 644 1696 H.
670 1619 733 1696 srbi
751 1623 901 1720 quidem
917 1622 1100 1723 proptfuam
1129 1622 1305 1712 habuisse,
1341 1628 1380 1704 dr
1405 1623 1498 1700 sorte
1524 1624 1676 1720 jamjam
1704 1636 1833 1702 trans?

193 1743 341 1822 lationis
365 1738 544 1817 inchoasse
569 1739 777 1836 Negotium.
815 1742 894 1819 ‘At
916 1767 1032 1841 quum
1050 1754 1213 1843 ternpore
1233 1741 1448 1844 opus-esset,
1482 1755 1522 1820 vt
1541 1746 1681 1820 mutuis
1707 1744 1822 1820 consi·

193 1866 254 1942 iiis
274 1866 323 1941 de
337 1863 525 1940 Bonorum
543 1860 816 1937 permutatione
837 1865 1063 1950 nanneto,
1086 1863 1214 1952 citius,
1238 1885 1349 1962 quam
1368 1885 1428 1938 res
1449 1862 1543 1939 tanti
1568 1865 1745 1940 momenti
1774 1867 1823 1942 ad

196 1985 309 2063 finem
336 1984 594 2068 deduceretur,
626 1981 726 2060 diem
749 1981 868 2058 obiisse
892 1995 1116 2071 extremum,
1141 1994 1310 2083 poterant
1337 1983 1375 2062 dr
1393 1981 1486 2058 aliae
1507 1983 1729 2059 interuenire
1751 1986 1827 2059 Cu·

44 2146 47 2151 ·
197 2128 278 2195 rae,
302 2127 395 2204 quae
415 2101 623 2200 praestituto
646 2102 747 2200 operi
766 2102 917 2182 ulterius
939 2102 1131 2182 intendere
1155 2103 1434 2204 prohibuerunt,
1459 2104 1499 2183 dr
1519 2107 1601 2184 sane
1620 2102 1826 2178 interuene-

197 2237 300 2311 runt,
326 2246 423 2298 anno
442 2221 542 2297 enim
569 2221 686 2296 MXX
710 2244 817 2318 opem
843 2221 930 2297 tulit
948 2223 1151 2315 ‚Werenbarso
1171 2224 1345 2321 Episcopo
1367 2223 1639 2319 Argentiuensr,
1674 2226 1712 2300 dt
1734 2245 1820 2297 cum

198 2343 257 2421 Eo
281 2342 495 2435 Burgundioni
512 2345 607 2422 vicit,
642 2348 683 2414 vt
699 2337 819 2415 verbis
844 2350 924 2417 erar
948 2337 1124 2413 Chronici
1148 2337 1380 2440 Augustenfls
1408 2344 1503 2435 apud
1524 2340 1719 2414 Freherum
1740 2338 1826 2406 Rer.

199 2463 323 2546 Aren.
349 2455 518 2556 Scriptor.
549 2453 703 2533 Tomi.
730 2455 831 2531 Edit.
859 2454 1062 2531 iiruuianae
1096 2479 1131 2554 p.
1162 2477 1246 2552 494
1277 2454 1567 2553 subsequentibus
1603 2453 1708 2527 annis
1740 2474 1827 2529 curn

200 2566 338 2662 comodo
358 2583 457 2654 Satira
477 2575 697 2675 Imperatore
717 2573 857 2651 conisus
878 2571 946 2660 est,
972 2583 1083 2674 atque
1104 2573 1243 2650 atrocia
1265 2572 1370 2650 Belia
1389 2574 1488 2670 geffit
1512 2571 1674 2649 consorte
1699 2574 1827 2674 Ernesto

173 2715 179 2721 ’
202 2700 364 2783 Sueuiae
379 2696 500 2783 Duce,
525 2697 614 2776 teste
634 2695 833 2793 Anonymo
854 2692 972 2771 nostro
990 2705 1099 2795 atque
1120 2694 1301 2791 Wippone
1323 2692 1395 2770 ic.
1461 2694 1536 2771 Sed
1563 2696 1600 2770 dt
1628 2692 1828 2785 Augustam

201 2819 351 2907 inuasit,
375 2815 562 2893 aerarium
576 2813 742 2914 diripuit,
767 2814 1051 2913 anonemque
1072 2815 1183 2911 hujus
1208 2813 1300 2890 sedis
1317 2813 1531 2914 Episcopum
1555 2811 1726 2888 diuturno
1743 2811 1828 2886 Bei-

36 2969 47 2981 ’
168 2944 238 3023 'lo
267 2936 458 3025 iaceffiuit,
482 2935 601 3035 (quae
621 2933 746 3012 omnia
770 2956 818 3009 ex
837 2931 1028 3010 Hermann
1055 2933 1249 3023 Contratio
1273 2933 1319 3010 ad
1342 2934 1493 3010 Annum
1515 2937 1617 3009 rond.
1640 2920 1829 3006 A‘nnalista

129 3148 136 3161 ,
202 3065 351 3143 Saxone
373 3059 421 3135 ad
443 3055 597 3133 Annum
619 3058 724 3154 incr.
748 3051 950 3152 &reliquis
977 3052 1099 3151 paffim
1126 3052 1351 3152 scriptoribus
1371 3051 1561 3129 certissima
1582 3049 1685 3149 sunt)
1710 3053 1829 3127 donec

54 3256 57 3263 .
203 3184 356 3259 tandem
371 3180 482 3254 Anno
508 3192 612 3263 1028.
647 3176 704 3265 (vt
725 3170 836 3249 habet
861 3171 1070 3263 Chronicou
1097 3171 1262 3249 Austraie
1292 3173 1388 3270 apud
1410 3171 1583 3248 Eundem
1614 3169 1828 3264 freherum)

205 3302 325 3406 Ernst
344 3299 425 3374 Dux
446 3295 490 3386 θ
509 3291 612 3394 Wetff
620 3297 723 3370 comes
746 3295 883 3369 conada
903 3293 1084 3391 snpnuon'
1102 3295 1144 3369 at
1161 3291 1354 3370 monem
1368 3294 1527 3368 oneror.

307 3537 405 3614 Inter
423 3536 493 3613 hos
511 3556 598 3631 ergo
621 3531 770 3611 bellicos
797 3530 977 3609 tumultu
1005 3528 1184 3630 reliquum
1214 3554 1289 3609 non
1311 3528 1456 3616 habuit,
1493 3540 1534 3605 vt
1554 3527 1832 3604 translationem

203 3657 474 3740 ,monachorum
497 3652 660 3730 essedum
681 3652 795 3726 daret
862 3649 938 3727 Sed
966 3652 1005 3728 dr
1025 3649 1128 3728 breui
1148 3651 1234 3750 ,post
1248 3664 1414 3730 mortuus
1437 3649 1506 3736 est,
1542 3648 1648 3747 cujus
1681 3649 1833 3746 quidem

209 3778 332 3858 obitus
353 3794 492 3851 annum
515 3771 670 3861 citatum
692 3768 887 3846 chronicon
910 3766 1132 3863 Augustense
1153 3772 1201 3847 ad
1224 3771 1376 3849 Annum
1396 3769 1550 3846 MXXX
1572 3768 1693 3844 refert.
1718 3768 1831 3843 Anno

208 3898 336 3978 saltem
363 3901 467 3989 1036.
503 3895 548 3972 ab
575 3886 789 3972 Hermanno
820 3887 1014 3966 Contratio
1049 3888 1097 3965 ad
1131 3889 1170 3969 h.
1200 3913 1234 3968 a
1271 3892 1479 3988 irmengardis
1510 3889 1600 3986 Ejus
1633 3889 1734 3967 onr
1754 3885 1833 3983 jam

210 4041 360 4102 vruva
385 4011 598 4113 adpellatur.

68 4348 71 4353 .
309 4255 372 4334 Aa
386 4252 579 4332 secundam
591 4248 854 4329 Difficultatem
868 4249 1070 4328 tollendam
1083 4247 1181 4336 facit,
1196 4246 1220 4325 si
1233 4249 1392 4327 dicatur:
1419 4245 1662 4344 Anonymum
1678 4231 1834 4347 amplius

214 4381 385 4460 letiorem
407 4377 538 4452 docere
553 4370 645 4447 nihil
666 4370 829 4460 voluisse,
857 4394 966 4469 quam
988 4369 1088 4468 quod
1106 4369 1223 4464 Wetfru
1245 4369 1492 4467 postmortem
1509 4369 1660 4444 suamin
1677 4370 1837 4447 Abbatia
1856 4412 1865 4427 -

216 4494 418 4595 Auorffenfi,
444 4494 645 4567 irmendrudis
658 4513 744 4570 vero
764 4490 804 4566 in
823 4489 1067 4593 AEtnnumsser,
1091 4488 1247 4586 sepultus
1267 4489 1387 4570 suerit
1439 4489 1569 4567 Vtrum
1585 4511 1671 4565 vero
1692 4488 1731 4564 id
1749 4513 1856 4591 con·¹

33 4672 62 4719 ,-
216 4619 396 4698 sammato
418 4610 569 4712 jamjam
589 4605 838 4691 mandationis
856 4609 1036 4707 Negatio,
1067 4608 1276 4695 autierius.
1316 4607 1450 4689 fartum
1468 4607 1593 4700 suerit,
1628 4631 1702 4685 non
1726 4609 1837 4697 dicit,·

602 4744 606 4750 '
1774 4739 1840 4807 aut
