3736 5160
736 103 1158 197 oweno
1684 112 1758 189 193

96 275 287 357 dulium
313 273 356 359 dr
375 301 455 357 nnn
473 276 769 368 Catbedraliutn,
792 281 1108 369 monasteriorum,
1134 277 1378 365 Prioratuum,
1406 272 1683 364 attonem,
1713 296 1757 352 ac

96 397 376 495 religiosorum
399 411 625 479 caeterorum
651 401 820 476 ordinum
845 424 1140 500 quorumcunque
1164 399 1276 475 etiarn
1300 394 1607 482 mendicantium..
1632 418 1756 501 exem·

96 532 274 616 ¹:ntorum
304 520 347 599 dc
376 545 452 597 non
489 535 741 620 exemptarum
772 522 972 620 Capitulis,
1025 506 1243 623 Canonicis,
1289 518 1514 603 Abbatibus,
1557 515 1755 603 Prioribus,

96 638 404 726 Sonuentibus,
440 641 682 731 Quardianis,
720 641 924 728 Fratribus,
955 643 1000 720 st
1031 641 1194 717 Personis
1227 639 1308 715 aliis
1340 635 1582 717 ecclesiasticis
1609 635 1757 737 quibus·

96 780 275 859 :unque
308 762 347 837 dt
376 759 532 859 ipsorum
564 763 711 839 cuilibet
740 761 793 837 ita
824 762 923 861 quod
951 760 1041 837 alter
1066 760 1226 859 ‚alterum
1256 761 1294 835 in
1326 760 1387 836 bis
1417 758 1654 859 exsequendis
1682 780 1756 835 non

96 880 326 981 ‚zxspetten
366 879 427 957 sub
446 880 593 959 eisdem
614 880 861 957 ecclesallicis
887 880 1044 957 censuris
1069 882 1106 959 dt
1131 880 1260 980 poenis
1286 880 1381 959 ditia
1406 879 1618 957 austoritate
1654 902 1756 955 man·

96 1002 281 1087 iremus,
301 1011 487 1099 quatenus
510 999 573 1099 ipsr
597 1000 635 1079 δι
659 1000 811 1101 quilibet
831 1024 963 1076 eorum
989 1024 1072 1076 cum
1098 1022 1162 1098 pro
1189 1013 1290 1099 parte
1313 999 1399 1079 dien
1425 1000 1579 1075 inducite·
1592 996 1757 1095 Episcopi

96 1120 264 1199 ’uerior
282 1117 458 1218 requisiti,
476 1120 545 1195 has
560 1120 696 1195 nostras
709 1121 851 1198 litteras
866 1122 927 1195 sen
941 1119 1082 1197 illarum
1098 1122 1358 1219 transumptum
1375 1119 1626 1197 authenticum
1645 1141 1757 1194 manu

96 1239 261 1317 :ublici
272 1239 421 1317 Notarii
434 1239 662 1337 subscriptum
677 1238 714 1315 in
730 1242 884 1337 ipsarum
901 1239 1127 1315 ecclesiarum
1137 1238 1252 1317 valois
1266 1240 1415 1337 alligant
1429 1245 1466 1319 u
1481 1241 1563 1315 aliis
1578 1239 1616 1339 in
1630 1262 1757 1315 eorum

96 1358 352 1437 'ermonibus
377 1361 424 1435 ad
459 1360 631 1461 populum
653 1360 840 1458 publicent
870 1360 909 1439 dt
933 1359 1163 1458 praedicent,
1202 1359 1241 1434 iu
1268 1359 1359 1435 locis
1387 1359 1585 1459 dequibus
1609 1358 1651 1467 fit
1681 1357 1756 1433 veri

96 1478 253 1557 imilis
287 1477 494 1575 conjectura
519 1482 618 1578 qnod
652 1483 699 1556 ad
731 1481 885 1577 ipsorum
916 1477 1139 1571 monitorum
1172 1477 1560 1554 anathematizatorum
1585 1499 1757 1572 aggraua·

96 1622 268 1687 mrum,
310 1614 626 1695 reaggrauatorum
649 1599 819 1677 notitiam
842 1599 990 1677 valeant
1015 1599 1215 1697 peruenire.
1268 1597 1442 1679 Volentes
1469 1599 1568 1698 quod
1595 1597 1756 1673 Litterae

96 1726 144 1803 Bt
159 1717 462 1823 attansumptum
498 1718 711 1816 hujusmodi
741 1742 943 1817 eorumque
971 1716 1167 1815 publicatio
1199 1730 1334 1797 extunc
1370 1720 1448 1817 post
1482 1719 1692 1817 affixionem
1717 1719 1756 1797 st

96 1840 412 1943 publicationem
438 1838 639 1935 praedistas
669 1839 781 1915 satias
807 1840 845 1914 in
862 1839 1006 1914 duobus
1030 1851 1094 1912 aut
1123 1840 1232 1919 tribus
1258 1863 1305 1913 ex
1327 1839 1467 1915 eisdem
1493 1839 1584 1931 locis
1614 1838 1756 1925 vicinis,
1852 1932 1855 1937 ⁴

96 1962 216 2061 ipsos
254 1962 418 2041 monem,
455 1957 668 2054 capitulum
704 1959 874 2044 Clerum,
929 1956 1119 2053 populum,
1166 1960 1203 2035 tir
1239 1958 1329 2032 alios
1364 1959 1524 2035 monitos
1555 1958 1754 2057 praeditlos
1855 1954 1860 1967 '

111 2080 299 2165 acuent.
326 2076 503 2187 acels&
526 2100 652 2152 eorum
679 2077 829 2179 cuilibet
851 2075 1042 2152 intimatae
1059 2075 1290 2175 personaliter
1310 2078 1528 2155 exstitissent.
1578 2082 1664 2159 Non
1691 2079 1754 2155 ob·

114 2199 302 2287 stantibus
328 2200 516 2273 tranans
541 2196 838 2295 appellationibus
861 2194 1056 2294 praemilfis
1088 2196 1319 2295 interpositis.
1342 2203 1380 2277 dt
1410 2198 1684 2297 interponendis
1710 2221 1754 2274 ac

96 2316 458 2419 constitutionibus
492 2321 529 2395 n
562 2317 862 2423 Ordinationibus
893 2316 1110 2417 Apolicbcis
1141 2317 1181 2393 in
1214 2318 1436 2397 contrarium
1467 2320 1752 2419 quibuscunque.

96 2441 203 2543 Aut
231 2436 271 2528 st,
292 2440 405 2513 Oltmi
437 2438 474 2513 dr
500 2436 678 2535 .Capitulo
703 2460 745 2511 ac
776 2437 857 2513 aliis
889 2436 1327 2533 praefatiscommuniter
1349 2440 1416 2533 ¹uel
1444 2438 1587 2517 diuisrm
1616 2462 1638 2515 a
1671 2439 1753 2515 sede

96 2560 294 2663 praelata
328 2555 512 2631 indultum
542 2558 691 2645 exiliat,
724 2560 829 2657 quod
864 2555 1033 2632 interdici
1066 2556 1227 2655 sul'pendi
1251 2558 1307 2635 vel
1333 2560 1643 2651 excommunicari
1677 2582 1752 2635 non

96 2680 248 2781 possit,
284 2701 351 2775 per
378 2676 518 2751 litteras
539 2676 763 2773 lipollolicas
783 2702 856 2753 non
882 2675 1218 2770 facientes-plenam
1238 2676 1275 2751 nt
1296 2676 1510 2773 expressam,
1538 2701 1581 2753 ac
1608 2680 1654 2753 de
1674 2702 1753 2759 ver·

96 2803 168 2877 bo
191 2798 243 2873 ad
270 2798 417 2873 verbum
445 2799 492 2871 de
512 2797 655 2871 indulto
683 2795 894 2892 hujusmodi
925 2795 1167 2877 mentionem,
1208 2798 1245 2871 sit
1271 2797 1429 2893 qualibet
1458 2797 1528 2873 alia
1559 2799 1675 2877 ditlae
1703 2800 1753 2874 se·

100 2919 183 2995 dis
210 2915 440 3011 indulgentia
467 2916 626 3017 generali
651 2918 711 2993 vel
740 2914 880 3011 speciali
914 2912 1161 3011 cujuscunque
1196 2917 1333 2989 tenoris
1358 2915 1502 3005 existat,
1550 2942 1752 3016 perquam

114 3034 337 3134 patentibus
367 3059 440 3109 non
469 3036 665 3134 expressam
689 3038 746 3115 vel
777 3034 937 3111 totaliter
967 3058 1041 3109 non
1077 3031 1264 3122 insertam,
1309 3032 1456 3113 effestus
1483 3059 1609 3113 earum
1639 3037 1752 3134 impe·

126 3156 197 3233 dici
230 3153 353 3231 valeat
374 3154 431 3233 vel
460 3156 735 3253 quomodolibet
766 3153 910 3233 differri.
975 3156 1026 3229 Et
1053 3153 1100 3227 de
1125 3175 1197 3251 qua
1222 3151 1399 3253 cujusque
1427 3168 1506 3229 toto
1527 3167 1657 3231 tenore
1686 3158 1752 3232 ha·

130 3276 248 3353 banda
271 3274 316 3348 stt
338 3274 377 3349 in
402 3274 532 3350 nolitis
555 3276 706 3351 Litteris
737 3276 876 3353 mentio
900 3272 1068 3372 specialis.
1138 3272 1237 3348 Nulli
1263 3295 1347 3368 ergo
1380 3273 1573 3351 hominum
1600 3278 1751 3351 omnino

136 3391 253 3479 liceat,
286 3393 384 3469 banc
411 3396 579 3491 paginam
606 3396 806 3472 nostrarum
827 3392 1137 3471 Constitutionum
1158 3392 1412 3471 declarationis
1437 3393 1647 3492 prouifionis
1672 3421 1750 3472 mo·

140 3513 283 3589 nitionis
311 3516 476 3589 mandati
503 3515 746 3609 affignationis
782 3513 1079 3613 promulgationis
1109 3507 1340 3609 suspensronis
1368 3513 1583 3613 priuationis
1611 3515 1751 3592 inhabi-

144 3630 308 3709 litationis
336 3632 520 3727 ligationis
549 3635 685 3711 decteti
713 3635 931 3710 hortationis
958 3630 1199 3731 requisitionis
1226 3628 1459 3728 inJunstionis
1492 3638 1529 3713 dt
1556 3635 1751 3712 voluntatis

147 3750 342 3851 infringere,
383 3752 440 3829 vel
469 3755 506 3829 ei
539 3755 626 3829 ausu
662 3753 853 3829 temerario
876 3754 1065 3828 contraire.
1146 3751 1296 3849 Siquis
1325 3767 1448 3829 autem
1477 3756 1547 3829 hoc
1571 3767 1751 3833 attentare

148 3873 377 3963 praesumserit
413 3871 700 3967 indignationem
732 3872 1002 3969 Omnipotentis
1036 3868 1107 3944 Dei
1144 3872 1182 3946 dt
1218 3874 1406 3949 beatorum
1443 3873 1541 3949 Petri
1579 3874 1617 3951 dt
1650 3874 1750 3950 Pauli

149 3990 385 4089 Apostolorum
410 3992 505 4085 ejus,
545 3993 578 4066 se
607 3992 750 4066 nouerit
780 3992 1009 4072 incursurum.
1061 3988 1197 4065 Datum
1222 3991 1361 4065 Romae
1388 3993 1484 4088 apud
1506 3993 1662 4073 santium
1684 3995 1750 4068 Pe·

149 4116 239 4189 tnrm.
299 4109 414 4187 Anno
445 4111 705 4187 incarnationis
735 4112 950 4187 Dominicae
975 4109 1158 4186 millesimo
1190 4110 1539 4207 quadringentefiuto
1567 4112 1750 4211 septuage-

150 4222 222 4307 fino
249 4242 379 4331 quarto
399 4232 512 4308 tertio
542 4233 725 4308 Kalendas
755 4232 882 4309 Martii
901 4229 1274 4308 Pontificatus'nollri
1298 4255 1395 4307 anno
1411 4244 1555 4330 quarto.

984 4589 1051 4668 Bb
