3736 5160
285 794 958 948 uoiraiooous
1000 678 1566 950 ιιιιιιιιιιιιι
1656 914 1661 937 ,

110 1055 241 1159 ΑΒ
271 1048 647 1158 RATVM
700 1042 1741 1217 WEWGARTENSIVM
1845 1075 1847 1079 ’

373 1326 376 1330 -
900 1289 959 1346 EX
1118 1300 1120 1305 “

130 1534 134 1540 ,
399 1445 1461 1570 coorcuiuuurauruacuo

143 1592 150 1610 ’
232 1617 233 1622 ‘
579 1645 1277 1751 Arcurvrtweruoouruusrs.

827 1951 1098 2037 Nota.-

118 2100 260 2294 Duo
283 2125 446 2223 descripti
468 2129 504 2205 in
534 2127 758 2206 Membranis
792 2126 975 2224 supersunt
1001 2123 1167 2223 Cataiogi
1189 2122 1370 2205 Abbatum
1394 2118 1656 2221 Weingartens
1659 2093 1741 2205 um

239 2266 332 2317 vuus
357 2248 551 2325 vetustior
539 2273 578 2351 ιη
607 2268 816 2336 uersuum,
849 2247 912 2348 qui
935 2271 1033 2324 auno
1064 2273 1167 2324 1200.
1193 2247 1298 2346 obiit,
1329 2247 1571 2341 abrumpitur,
1605 2252 1646 2320 vt
1676 2240 1743 2316 du·
1834 2310 1850 2335 s

80 2445 82 2449 ¹
124 2332 222 2435 bium
249 2360 314 2447 sit,
337 2388 524 2466 quousque
547 2390 632 2444 eum
636 2366 822 2483 'Scriptor
850 2366 1069 2467 produxerit
1119 2366 1312 2447 Dubium
1300 2379 1391 2444 item
1414 2390 1460 2442 an
1481 2389 1554 2444 vno
1581 2359 1638 2439 vel
1665 2358 1745 2458 plu·
1834 2400 1839 2407 ·

116 2480 217 2554 ribus
253 2481 366 2559 etiarn
401 2487 500 2562 foliis
531 2462 701 2585 primitus
730 2486 865 2566 austior
899 2486 1028 2571 fuerit.
1076 2509 1119 2562 ac
1148 2510 1247 2563 nunc
1270 2484 1331 2563 est.
1393 2485 1533 2562 Saltem
1564 2476 1745 2561 defeuuu
1818 2528 1866 2545 *-

117 2599 278 2695 subpiere
298 2600 384 2677 iicet
413 2628 462 2678 ex
485 2605 555 2679 alio
588 2605 764 2707 Cataiogo
790 2609 1068 2683 membranaceo
1094 2607 1171 2705 post
1197 2604 1319 2682 Seculi
1347 2604 1442 2680 XIII.
1475 2600 1646 2681 medium
1664 2597 1746 2679 scri·
1781 2600 1788 2619 ⁴
1853 2668 1859 2679 ,

117 2730 203 2817 pto,
244 2719 306 2817 qui
332 2722 489 2818 priorem
517 2724 638 2810 iilum,
677 2737 856 2824 quantum
886 2724 967 2801 eius
994 2724 1175 2824 refiquum
1203 2725 1315 2802 hodie
1340 2724 1407 2813 est,
1439 2718 1614 2820 adspice
1627 2745 1651 2794 n
1681 2742 1746 2795 ex·
1827 2718 1846 2745 “·

118 2838 230 2935 scirpi
235 2852 259 2914 t
313 2840 385 2917 Hic
407 2842 622 2939 posterior
609 2867 648 2919 m
674 2866 854 2921 couaroo
878 2864 928 2917 ou
950 2865 1189 2922 wooeuoacu
1212 2843 1362 2921 definit:
1405 2866 1475 2921 nec
1498 2856 1532 2918 tr
1527 2862 1624 2916 meu
1653 2836 1788 2935 Ejus‘
1857 2921 1859 2925 ‚

120 2958 259 3034 obitum
285 2960 456 3037 adnotat.
482 2974 522 3040 vt
544 2963 657 3041 videri
683 2962 802 3060 poffit.
834 2962 893 3040 sub
919 2965 1062 3040 Eodem
1088 2962 1250 3049 Abbate',
1274 2961 1335 3061 qui
1359 2962 1405 3040 ab
1425 2986 1521 3036 anno
1551 2983 1619 3055 124
1637 2982 1673 3052 3.
1686 2981 1747 3035 vs·
1781 2994 1787 3003 ·

120 3101 191 3176 que
219 3081 265 3153 ad
299 3087 402 3157 1266.
433 3082 609 3178 praefuit.
647 3107 734 3159 eum
757 3081 999 3180 conscriptum
1025 3081 1138 3159 fuiiie.
1199 3081 1301 3158 Prior
1325 3082 1374 3156 ad
1395 3079 1532 3183 calcem
1558 3078 1653 3153 Libri
1675 3078 1748 3172 lay·
1761 3072 1784 3109 ¹

122 3206 278 3273 rariorum
298 3199 431 3288 exstat,
458 3199 504 3277 fic
520 3200 625 3286 diui,
649 3203 746 3300 quod
770 3199 947 3298 Lysanias
969 3202 1242 3299 complebatur,
1266 3222 1357 3298 quas
1372 3197 1545 3277 Monachi
1560 3198 1747 3297 quondam

122 3316 268 3412 finguiis
292 3317 365 3392 fere
389 3319 523 3396 Diebus
547 3320 809 3406 decantabant,
841 3343 954 3417 quum
978 3320 1137 3408 Altaria,
1172 3318 1219 3395 iis
1243 3319 1448 3416 praesertim
1470 3317 1626 3407 Diebus,
1657 3312 1756 3416 quo?
1859 3402 1863 3407 ,

122 3439 193 3512 ties
218 3437 326 3512 alicui
349 3437 500 3526 Soneio,
532 3437 636 3539 cujus
657 3440 846 3539 Reliquiae
864 3439 911 3513 iis
937 3439 1093 3515 inciusae
1115 3449 1238 3525 erunt,
1267 3437 1377 3515 festus
1398 3439 1587 3535 agebatur,
1620 3422 1750 3513 'circui-¹

122 3557 230 3647 bant,
266 3579 310 3631 ac
334 3556 511 3634 coilestim
538 3561 585 3636 ad
615 3582 659 3634 ea
679 3558 931 3657 procedebant.
1005 3558 1183 3636 Ceterum
1221 3556 1418 3654 catalogus
1448 3556 1511 3661 hio
1538 3555 1774 3642 abbatum,-

119 3699 192 3751 nec
214 3699 287 3747 non
308 3674 416 3752 Liber
437 3678 600 3767 Rituoir's,
634 3680 673 3757 ’ὅι
697 3680 934 3753 umbrosanae
956 3679 1088 3755 eodem
1117 3677 1301 3757 volumine
1328 3676 1505 3779 composti
1528 3674 1626 3772 prius
1652 3688 1754 3753 tem·-
1797 3674 1808 3687 ‘

120 3815 210 3890 pore
235 3793 353 3889 scripti
375 3795 476 3880 sunt.
516 3822 626 3896 quam
652 3796 832 3896 Lytaniae
859 3819 903 3873 ao
926 3795 1067 3910 reliqua¹
1091 3797 1165 3878 iilic
1191 3807 1382 3884 contenta,
1416 3796 1515 3896 quod
1535 3794 1593 3874 vel
1612 3793 1748 3874 Chara-
1804 3865 1813 3913 ;

114 3916 278 3992 raueres
301 3912 363 4010 ipfi
386 3927 509 4014 aperte
535 3917 710 3995 indicant.

182 4107 298 4182 Sed
323 4109 361 4185 or
386 4106 445 4186 sub
473 4105 589 4185 uerear
588 4114 660 4186 eido
684 4110 846 4201 Abbate‚
882 4109 945 4210 qui
970 4110 1016 4188 ab
1046 4131 1243 4186 auuoro
1305 4129 1419 4207 vsque
1445 4130 1549 4202 1232.
1574 4104 1745 4205 praefuit,
1788 4165 1792 4175 .

122 4227 288 4324 scriptor
310 4227 457 4325 quidam
485 4230 741 4327 Synch'ronus,
770 4226 957 4309 iudustum
977 4231 1012 4306 se
1037 4230 1083 4306 ad
1106 4132 1308 4307 scribesss
1327 4251 1386 4304 res
1409 4228 1525 4330 gqstas
1551 4226 1612 4304 sub
1635 4226 1747 4323 hujus

123 4346 278 4426 Abbatis
302 4356 482 4442 tempore,
508 4350 660 4433 fatetur
693 4352 791 4447 quod
813 4351 852 4429 δι
874 4358 949 4426 auos
983 4360 1054 4424 oruc
1073 4351 1111 4444 se
1139 4347 1411 4427 antecessorum
1442 4346 1534 4423 fasta
1566 4345 1749 4423 adnotasse

125 4466 310 4564 repererit.
338 4466 395 4539 Ex
414 4489 487 4564 quo
509 4467 675 4561 colligas,
692 4468 998 4567 Catalographum
1019 4467 1076 4543 vel
1086 4470 1148 4562 sub
1174 4451 1345 4561 Meiogoso,
1370 4464 1427 4541 vel
1442 4465 1618 4562 prioribus
1641 4464 1748 4542 anuis

113 4589 178 4686 sub
200 4582 378 4661 Berroia
396 4585 522 4665 seriem
546 4588 643 4743 hauc
664 4588 880 4670 abbatum
870 4608 910 4667 un
929 4587 1183 4784 MerEubrauam
1211 4583 1456 4682 cougeffiffe
1480 4582 1747 4681 Austoritatem
1858 4674 1861 4679 ,

1550 4760 1551 4764 ι
1641 4720 1749 4804 porro
