3736 5160
176 269 247 342 roo
778 244 1199 337 *mio*

175 425 272 504 ienis
312 422 460 513 aicius,
513 422 604 500 ium
638 419 754 517 major
781 407 876 501 'inin
908 423 1030 520 popm
1070 374 1284 499 maionis
1311 421 1544 511 conuenerit,
1597 422 1645 501 aa
1675 422 1807 502 aim·

174 544 321 647 pulsatis
359 543 546 641 campania
593 541 632 621 dc
673 540 829 619 accensis
875 541 1036 618 candelis
1077 544 1126 617 Et
1172 541 1399 637 postmodnm
1436 543 1475 617 iu
1515 554 1649 619 terrain
1685 545 1809 640 proje-

109 693 121 713 ·
174 666 242 746 tiis
268 668 307 746 di
328 662 498 741 extinctis
531 684 617 737 cuin
646 660 774 736 Crucis
802 658 935 736 vexillo
970 683 1014 735 ac
1037 661 1134 736 trina
1158 661 1320 759 lapidum
1348 659 1565 758 piojetiione
1589 664 1626 739 ἃ
1653 661 1741 737 aliis
1769 663 1809 739 iu

175 786 350 864 similibus
379 781 507 858 seruari
535 779 646 856 solitis
671 778 924 855 Ecclesiasticis
949 779 1180 857 ceremoniis
1210 783 1566 866 excommunicatos,
1589 781 1811 859 snomemn·

120 888 126 899 ’
176 908 326 988 tizatos,
352 902 530 1002 priuatos,
555 897 820 985 inhabilitatos,
846 910 1078 995 aggruuatos,
1104 902 1143 979 di
1163 912 1434 998 reaggiauotos,
1461 903 1500 980 u
1513 912 1687 979 aeternae
1701 902 1813 979 dam·

177 1027 338 1103 nationis
362 1019 538 1097 sententia
565 1017 713 1115 ligatos,
750 1018 889 1114 publice
913 1017 1149 1106 denuntient,
1192 1021 1243 1095 Et
1268 1032 1308 1097 vt
1334 1017 1426 1096 tales
1448 1019 1597 1113 jubeant
1626 1022 1666 1098 di
1701 1044 1814 1099 mau-

180 1148 270 1225 deut
299 1144 344 1219 ab
380 1135 550 1215 omnibus
585 1138 703 1212 acrius
735 1137 877 1213 euitari.
958 1139 1137 1215 Necnon
1164 1140 1335 1216 omnibus
1366 1137 1446 1213 aliis
1473 1138 1606 1215 Christi
1633 1136 1813 1217 fidelibus

181 1276 223 1344 vt
247 1264 328 1339 illos
352 1258 494 1335 enitent
524 1257 562 1334 di
586 1255 640 1331 eis
673 1259 800 1333 cunita
829 1255 1021 1332 necessaria
1047 1255 1221 1333 alimenta
1244 1259 1427 1353 denegent
1452 1257 1655 1335 ministrare
1685 1260 1815 1339 donec

180 1377 385 1480 compuotii
410 1377 520 1453 corde
550 1374 711 1472 spiritum
734 1377 966 1451 adsumentes
989 1374 1125 1451 consilii
1147 1375 1294 1453 senioris
1320 1376 1479 1453 [redimo
1501 1375 1679 1475 Episcopo
1706 1400 1812 1477 prae·

181 1503 257 1580 sato
283 1495 473 1596 regiminis
509 1493 895 1573 &administrationis
927 1517 969 1569 iic
1009 1494 1187 1573 bonorum
1223 1496 1340 1573 didiae
1367 1493 1654 1599 constantiensis
1680 1496 1806 1575 uuio

179 1623 251 1700 liae
277 1608 483 1716 juriumque
522 1612 883 1711 &pertinentiarum
919 1613 1085 1707 eiusdem
1118 1615 1364 1714 posseffioiium
1396 1638 1554 1694 ¹viicuam
1580 1614 1742 1711 liberarii
1770 1620 1811 1698 di

179 1739 389 1839 expeditam
410 1733 610 1811 dimiserint
628 1757 671 1808 ac
687 1732 801 1830 ipsum
827 1732 1057 1811 Ludouicum
1082 1733 1121 1811 iu
1137 1735 1353 1832 Episcopum
1372 1736 1411 1812 di
1430 1734 1607 1811 Pastorem
1633 1736 1815 1815 ecciesiae
1846 1786 1864 1793 -

181 1851 463 1941 constantiense
492 1853 696 1951 praedictae
726 1851 945 1929 admiserint
1009 1852 1089 1930 Aut
1109 1853 1199 1930 alias
1235 1849 1370 1931 litteris
1398 1854 1611 1931 monitionis
1640 1858 1681 1937 di
1707 1879 1820 1935 man·

181 1981 278 2061 datis
308 1974 436 2053 uollris
461 1971 672 2069 hujusmodi
692 1971 851 2070 plenarie
873 1974 1218 2070 obtemperauerint.
1260 1976 1297 2052 di
1320 1972 1565 2062 Absolutionia
1586 1975 1636 2053 ab
1659 1998 1826 2057 unom-

183 2093 442 2181 municationis
463 2090 692 2189 suspenfionis
707 2090 912 2178 sententiis,
939 2096 977 2171 ἀ
991 2092 1225 2170 relaxationis
1239 2091 1420 2171 interdiiii
1439 2092 1653 2192 hujusmodi
1674 2098 1825 2178 benen-

182 2222 259 2306 cia,
310 2228 348 2293 et
371 2215 450 2290 aliis
483 2213 661 2306 integram
685 2210 1019 2289 reconciliationem
1051 2213 1206 2308 gratim
1237 2235 1259 2287 ii
1288 2212 1393 2290 nobis
1418 2215 1457 2291 u
1484 2213 1567 2291 sede
1595 2214 1832 2313 Apostolus

181 2338 381 2421 meruerint
397 2331 572 2409 obtinere
620 2329 671 2405 Et
688 2328 831 2426 insuper
852 2331 1096 2409 venerabilem
1113 2331 1261 2409 fratrem
1279 2332 1438 2409 nostruin
1451 2329 1629 2431 Annum
1650 2337 1832 2434 bloguu.

182 2459 322 2542 iinum,
369 2455 408 2532 dr
445 2471 681 2550 quoscunque
715 2449 873 2545 partium
896 2448 1040 2527 illarum
1072 2450 1372 2550 Arcbiepiscopor
1407 2452 1624 2552 Episcopos,
1665 2456 1828 2536 Praela-

181 2591 259 2662 tos,
302 2571 505 2669 Principes,
544 2569 683 2657 Duces,
709 2568 898 2656 Comites,
923 2566 1105 2658 Baroues,
1135 2570 1301 2657 Nobiles,
1334 2570 1492 2657 Milites,
1525 2575 1564 2651 di
1589 2574 1686 2651 alios
1716 2590 1825 2657 tem·

183 2695 324 2799 porales
351 2690 520 2769 dominos
545 2688 752 2786 prouinciae
779 2686 1019 2784 Mogontinae
1042 2689 1265 2789 praedisiue,
1300 2713 1501 2800 eorumque
1529 2691 1738 2785 officiales..
1776 2702 1826 2781 dt

182 2815 348 2916 gentium
386 2831 571 2886 armorum
610 2806 849 2905 Capitsneos,
908 2832 973 2907 pro
1030 2810 1235 2886 reuerentia
1271 2832 1383 2909 quain
1417 2812 1466 2889 sd
1499 2812 1621 2890 sedem
1654 2814 1824 2915 Apollo-

182 2938 291 3015 licam
335 2954 459 3028 gerere
504 2928 716 3028 quotidiana
750 2928 973 3024 experientia
1009 2931 1307 3026 comprobantur,
1357 2930 1545 3009 liortninur
1585 2931 1627 3010 di
1658 2936 1824 3035 requiiri·

181 3077 288 3141 mus,
324 3051 464 3127 eisdem
493 3047 779 3144 Archiepiscopis
805 3048 987 3147 Episcopis
1005 3052 1043 3127 di
1065 3048 1240 3127 Praelatis
1264 3048 1324 3127 sub
1347 3049 1528 3126 interdisti
1546 3049 1727 3147 ingressus
1747 3056 1817 3135 Eo·

182 3171 309 3252 clesiue
342 3174 379 3250 u
418 3170 610 3243 asuerum
638 3165 877 3244 Ecclesiaium
913 3167 1090 3264 regimine
1125 3170 1163 3246 di
1195 3167 1517 3247 administrationis
1553 3168 1809 3268 suspensionisa

182 3291 410 3390 Principibus
433 3310 519 3365 vero
547 3286 755 3364 Comitibus
783 3285 946 3364 Ducibus
982 3286 1186 3363 Beronibus
1212 3287 1404 3365 Nobilibus
1429 3287 1609 3369 Militibus
1647 3294 1811 3373 dominis

182 3412 395 3490 officialibus
429 3412 466 3486 di
492 3406 706 3502 Capitaneis
732 3407 800 3483 suli
819 3404 990 3483 similibus
1017 3405 1176 3483 censuris
1207 3408 1246 3485 bi
1269 3406 1412 3503 paenis,
1450 3430 1543 3505 quus
1569 3408 1596 3484 si
1623 3434 1704 3489 uon
1733 3436 1822 3511 par-

182 3533 302 3611 verint
324 3553 368 3603 eo
396 3526 469 3623 ipso
496 3527 696 3612 incurrant,
733 3524 895 3602 Dilliisie
920 3525 1173 3624 praecipiendo
1204 3527 1364 3622 praefata
1391 3526 1621 3606 Aueiontato
1651 3533 1826 3633 injungb

182 3672 283 3736 mus,
325 3660 365 3725 vt
392 3646 513 3721 eidem
540 3646 697 3720 Lndouico
719 3645 892 3742 Episcopo
918 3644 955 3720 in
984 3644 1198 3743 assequenda
1221 3644 1425 3740 posseslione
1452 3647 1511 3725 vel
1534 3648 1645 3747 quasi.
1663 3655 1829 3749 regimi-

181 3771 241 3846 nis
274 3772 311 3848 dr
338 3764 657 3844 administrationis
679 3788 722 3841 ac
749 3767 928 3841 bonorum
957 3765 1073 3867 didiae
1097 3761 1378 3842 constantiensis
1413 3764 1593 3845 Ecclesiae
1627 3792 1697 3869 pro
1718 3773 1836 3873 posse

182 3888 352 3976 assistant,
388 3886 427 3963 di
453 3896 676 3981 opportunos
699 3885 843 3961 sanores
865 3904 908 3959 ac
940 3906 1034 3982 quae
1061 3894 1233 3981 poterunt
1262 3883 1397 3961 auxilia
1421 3908 1507 3963 cum
1525 3884 1664 3967 suerint
1690 3893 1848 3993 requi-

181 4008 236 4085 siti
269 4009 315 4084 ad
346 4006 382 4082 id
410 4004 585 4102 praeliare
613 4029 688 4080 non
716 4004 899 4089 omittant,
970 4003 1144 4079 Ceterum
1176 4002 1264 4102 quia
1291 4003 1364 4081 liae
1386 4016 1563 4103 'patenter
1584 4009 1758 4090 litterae
1775 4014 1855 4091 in

179 4129 260 4205 loco
289 4128 405 4204 didiae
426 4122 704 4220 Constantienfis
730 4123 909 4199 Eccledae
939 4135 1003 4198 aut
1028 4123 1187 4220 personis
1211 4126 1452 4223 praescitorum
1475 4129 1602 4205 onon
1631 4154 1677 4209 uc
1704 4132 1848 4235 Capi‘

180 4248 266 4333 tuli,
289 4245 387 4323 Cleri
412 4247 451 4324 dr
482 4243 628 4340 Populi,
653 4266 723 4319 nec
743 4267 817 4318 nou
839 4244 1058 4341 complicum
1086 4243 1268 4322 santorum
1291 4249 1329 4325 di
1354 4241 1632 4327 adhaerentium
1660 4253 1701 4331 di
1723 4258 1849 4333 alio·

178 4390 261 4446 rum
284 4389 347 4467 per
370 4387 439 4440 nos
467 4364 690 4441 monitorum
720 4374 760 4439 vt
781 4360 978 4461 praefertur
1003 4373 1148 4461 propter
1172 4386 1299 4441 eorum
1330 4367 1533 4460 potentiam
1558 4366 1680 4447 forsuu
1711 4398 1847 4455 come

179 4487 290 4567 mode
317 4484 488 4587 publicari
513 4468 588 4559 nou
613 4480 767 4579 possent,
818 4482 988 4559 omnibus
1020 4484 1059 4561 di
1094 4480 1240 4580 iugulis
1266 4482 1430 4561 locorum
1463 4486 1836 4575 circiimuiciiiormn

179 4604 394 4693 ordinariis.
431 4601 534 4687 &iu
557 4601 702 4683 eisdem
727 4602 819 4681 locis
847 4599 1116 4687 consistentium
1139 4602 1370 4703 adelinum
1399 4608 1644 4704 quorsumlibet
1674 4614 1831 4693 cathe-

1651 4733 1816 4815 drauum
