3736 5160
190 440 257 525 rit,
282 434 328 512 ad
353 431 536 511 ecclesiam
560 431 796 511 conueniunt.
860 435 955 512 Cum
986 457 1068 512 uero
1100 433 1262 512 sacerdos
1288 431 1468 533 ceterique
1494 434 1727 514 ministraturi
1761 402 1842 537 pe·=

192 556 400 677 noluerint
422 551 556 641 vestiti,
598 552 683 652 quia
711 565 784 630 truc
808 566 905 631 oracio
930 581 990 629 non
1006 551 1070 650 fit,
1115 555 1312 630 inchoante
1344 562 1477 629 arenario
1510 555 1694 655 pulsantur
1725 558 1825 655 hgea

194 679 241 757 ad
268 675 405 754 millam
430 715 480 730 -
510 674 663 747 Dominus
687 677 779 749 unt.
825 676 886 752 Ad
907 699 1023 774 quam
1047 697 1132 753 cum
1157 673 1229 773 ipso
1253 675 1327 750 duo
1350 688 1518 752 cantores
1542 678 1666 775 cappis
1701 678 1825 777 induti

194 799 283 878 licut
306 794 424 871 eciam
448 794 494 868 ad
518 784 725 890 sequentem
749 796 1068 879 tenentchorum,
1110 796 1148 874 ἀ
1173 801 1367 892 virumque
1390 793 1532 872 illorum
1556 797 1630 872 duo
1653 794 1824 884 candela·

195 924 259 1001 bra
282 940 330 992 ex
352 912 423 990 ilh's
448 914 581 1012 septem
606 922 691 986 ante
711 911 824 988 altare
845 916 994 1013 sumpta.
1042 915 1257 992 Hii·autem
1281 910 1345 1014 qui
1369 926 1519 991 cantant
1540 920 1688 1011 graduale
1715 920 1755 996 or
1775 926 1826 992 n'·

196 1043 283 1135 uuna
309 1059 397 1113 mox
418 1047 460 1110 vt
483 1030 773 1130 percantauerint
798 1035 1042 1131 adjunguntur
1074 1042 1175 1111 trihus
1194 1038 1340 1133 produn
1365 1038 1539 1111 corruitur
1562 1060 1632 1112 vna
1656 1060 1742 1114 curn
1768 1037 1824 1112 ein

199 1163 353 1241 chorum
377 1153 516 1232 recturi.
566 1151 674 1234 Quod
699 1151 737 1228 lir
761 1152 799 1228 in
825 1153 981 1232 secunda
1004 1155 1104 1232 milla
1127 1152 1289 1234 limiliter
1312 1155 1440 1252 agitur.
1471 1198 1522 1213 -
1551 1198 1601 1215 -
1637 1157 1706 1232 Vua
1726 1152 1826 1248 hallia

198 1284 346 1388 offla,
372 1275 409 1354 δι
428 1292 495 1372 por
512 1276 550 1345 ul
571 1295 632 1346 uno
650 1279 805 1369 ruloitur.
856 1274 958 1352 Milia
979 1302 1048 1352 cum
1074 1280 1280 1352 leudunum
1300 1280 1423 1360 ⁸luur‘uo
1448 1276 1674 1352 terminatur.
1697 1277 1826 1353 ·Con·

32 1386 37 1397 ἱ
93 1438 100 1444 ·
199 1417 332 1491 ventus
355 1395 502 1475 interim
522 1392 621 1468 sedet
652 1414 766 1490 usque
789 1396 887 1479 dum.
903 1395 1054 1472 ministri
1078 1407 1278 1484 exuantur,
1314 1398 1352 1474 ἀ
1384 1419 1407 1471 a
1436 1395 1582 1472 custode
1603 1397 1650 1472 ad
1673 1396 1825 1477 matriti·

199 1553 268 1609 nas
293 1521 419 1601 laudes
443 1514 614 1617 pulsetur.
660 1535 750 1611 quas
771 1514 931 1592 domnus
961 1516 1052 1592 abba
1090 1516 1147 1593 vel
1186 1514 1266 1613 ejus
1298 1514 1455 1594 vicarius
1485 1515 1723 1590 inchoaturus
1755 1514 1822 1603 uli.

42 1646 79 1691 ¹'
200 1674 276 1730 non
300 1659 422 1722 tamen
450 1639 517 1711 ubo
538 1633 699 1711 indutus.
754 1631 811 1711 Aa
836 1641 950 1711 laudes.
972 1634 1062 1712 Ant
1084 1644 1190 1731 genuit
1212 1655 1371 1734 purrprrt.
1409 1676 1460 1692 ·-
1494 1676 1546 1692 -
1583 1633 1825 1753 Suffragia&

196 1777 306 1876 psalmi
316 1766 423 1862 famil.
448 1756 713 1854 subsequuntur.
774 1755 872 1830 Inter
895 1778 987 1855 quos
1015 1758 1063 1832 ad
1089 1753 1243 1850 lingrrlas
1269 1735 1457 1833 horas'Ad
1483 1767 1515 1829 te
1540 1761 1639 1832 rurus·
1661 1779 1728 1853 pro
1758 1759 1822 1831 ur·

127 1896 129 1901 ’
201 1894 375 1973 dunnuir's
404 1877 546 1957 dicitur.
610 1874 685 1950 Itur
709 1873 748 1950 in
773 1877 1002 1961 donantur.
1041 1875 1238 1975 litempus
1264 1873 1443 1974 permittit
1468 1881 1689 1973 alr'qrunrulunr
1712 1876 1823 1974 pauso

149 2070 153 2079 .
202 2029 270 2093 m
297 2010 422 2110 pedihus
449 1999 667 2096 infrunitum
692 1988 849 2071 causatu.
926 1994 1023 2074 Cum
1055 1996 1169 2076 visun
1203 1994 1312 2083 fuerit
1344 1995 1482 2071 custodi
1511 1994 1658 2072 ecclesie
1688 1995 1825 2074 iterum

202 2135 323 2236 majus
349 2127 485 2222 signum
516 2117 629 2218 pullat
654 2114 900 2215 aliquantum,
940 2128 982 2195 vt
1007 2118 1055 2192 ad
1080 2114 1266 2193 ecclefiam
1299 2115 1473 2195 veniatur.
1524 2115 1825 2193 Precedente·ea

202 2258 284 2339 vice
315 2248 456 2330 millam
482 2238 664 2323 oratione,
708 2236 873 2313 sacerdos
904 2260 989 2315 curn
1026 2238 1159 2313 ceteris
1196 2234 1366 2314 ministris
1394 2237 1472 2312 exit
1499 2238 1549 2315 ao
1583 2235 1825 2313 induendum.

204 2376 278 2465 Qui
298 2388 421 2451 tamen
447 2366 563 2438 netur·
581 2367 733 2456 paratura
753 2357 965 2438 vestiuntur.
989 2380 1100 2454 quam
1126 2357 1274 2434 ministri
1292 2361 1477 2456 proratoris
1496 2354 1588 2456 rnr'ffr.
1639 2357 1827 2441 Quacum-

205 2522 275 2598 que
308 2515 372 2593 pro
401 2479 573 2579 solempni
597 2474 717 2552 officio
749 2488 896 2552 cantata
927 2476 1081 2552 suntad
1108 2477 1262 2575 priorem
1285 2477 1442 2564 milium,
1483 2490 1675 2552 cantantur
1706 2480 1745 2555 or
1776 2478 1825 2556 a'd

202 2619 318 2699 istam,
341 2650 391 2668 -
411 2647 459 2687 ·.-
489 2601 562 2676 Tres
582 2595 694 2673 hostie
718 2593 917 2672 offeruntur
940 2608 977 2669 nt
995 2593 1030 2689 st
1046 2594 1136 2690 forto
1161 2603 1231 2693 quir
1254 2594 1400 2690 framuh
1430 2603 1824 2688 murcomannum,

44 2748 48 2757 '
203 2738 297 2839 poffit.
362 2728 404 2807 Si
429 2723 512 2824 quis
545 2715 698 2797 voluerit
727 2712 843 2816 rnr'ffinn
873 2727 1015 2805 concur,
1036 2721 1113 2819 ‘prul
1146 2714 1336 2815 offirtorr'um
1368 2718 1460 2812 porrli
1494 2723 1647 2793 ticenum
1678 2724 1824 2815 ucdpcrr.

140 2880 153 2910 .
205 2856 345 2938 Miliam
370 2859 514 2925 autem:
543 2840 628 2914 Puer
647 2847 740 2912 natur
767 2848 891 2911 cantat
913 2859 996 2913 curn
1027 2863 1098 2916 vna
1122 2838 1302 2914 oracione.
1354 2837 1427 2911 Par
1450 2843 1488 2911 ui
1508 2862 1570 2912 ono
1591 2832 1680 2913 choro
1699 2838 1753 2917 eli
1769 2846 1825 2923 r'e·

205 2975 392 3078 cipienda.
433 2954 536 3041 Milia
554 2959 677 3056 itaque
699 2955 817 3043 linita,
848 2956 977 3033 iratres
997 2961 1185 3034 diurnalibus
1208 2960 1259 3057 u)
1302 2955 1421 3031 induti
1446 2936 1616 3042 uranus.
1644 2942 1683 3038 δὲ
1709 2958 1736 3035 sr
1761 2984 1824 3039 vo.

204 3100 287 3177 lunt
309 3090 423 3171 facies
450 3085 593 3165 lauant.
615 3075 735 3174 capita
764 3076 928 3187 pellant.
943 3091 1025 3159 tres
1049 3079 1232 3154 orationes
1253 3102 1299 3152 ex
1325 3100 1427 3154 more
1452 3076 1601 3154 sariunt.
1656 3078 1822 3156 Maximo

92 3270 95 3275 -
205 3242 278 3298 vno
304 3213 400 3307 figno
419 3205 535 3304 prima
555 3197 727 3296 pulsatur,
752 3219 888 3294 ymnus
914 3197 983 3276 hac
1005 3197 1172 3275 melodia
1196 3239 1247 3255 -
1271 3194 1353 3295 Jnru
1379 3202 1456 3273 huis
1478 3209 1545 3272 orio
1569 3239 1619 3254 -
1642 3213 1821 3288 cantatur.

206 3334 330 3438 ymnis
357 3324 539 3443 omniumX
548 3319 720 3395 horarum
743 3314 796 3413 hy
818 3314 939 3393 vorsus
971 3359 1020 3377 -
1053 3317 1210 3395 innon
1233 3323 1333 3414 gloria
1359 3319 1417 3393 rur
1443 3319 1560 3409 donum
1591 3359 1641 3386 -ψ
1679 3322 1823 3400 addun.

205 3470 282 3545 tur,
308 3455 346 3531 ὄι
373 3457 443 3523 arur
467 3445 687 3540 conpluuium
709 3438 873 3550 seruum
899 3438 1000 3513 oliuu
1024 3433 1176 3536 epitimio
1203 3462 1263 3511 nun
1283 3434 1479 3513 mirmur.

300 3616 362 3694 Ad
384 3609 538 3713 primam
563 3605 651 3678 Ant.
676 3606 729 3675 iux
753 3611 822 3674 ortu
846 3600 898 3696 est.
964 3600 1045 3717 Post
1077 3600 1274 3700 capitulum
1310 3601 1428 3700 primo
1457 3600 1555 3699 fi'gno
1587 3602 1633 3678 ad
1670 3605 1823 3685 terciam

54 3802 62 3810 .
204 3738 359 3841 pulsato,
403 3723 626 3810 &oratione
648 3719 758 3804 faita,
796 3724 874 3796 altu
896 3719 1109 3814 generaliter
1136 3720 1351 3812 vestiuntur,
1397 3723 1435 3801 δι
1459 3724 1655 3801 secundum
1685 3704 1824 3820 hpnnm
1859 3806 1863 3813 ,

205 3860 371 3959 pulsatur.
434 3845 474 3924 Si
503 3842 552 3921 cst
581 3839 661 3917 dies
688 3838 872 3916 dominica
899 3838 1017 3917 statim
1041 3844 1105 3942 posi
1141 3844 1368 3921 urrunnun
1404 3866 1479 3937 aque
1509 3842 1667 3941 sequitur
1698 3847 1823 3922 tercia.

25 4002 29 4013 ·
203 3975 413 4056 Proceditur
439 3963 515 4065 post
539 3959 686 4038 terciam
710 3959 828 4058 primu
852 3960 899 4037 nd
928 3959 966 4035 S.
988 3958 1142 4036 Mariam
1169 3956 1253 4034 curn
1280 3968 1354 4035 ant.
1392 3962 1571 4038 OMorr'o.
1607 4004 1657 4021 -
1689 4005 1739 4022 --
1774 4007 1823 4024 -

198 4103 372 4197 sequente
398 4112 486 4167 mox
508 4083 630 4168 millu,
669 4078 698 4163 sr
723 4104 796 4155 non
825 4076 876 4155 est
901 4078 1103 4163 dominica,
1148 4079 1320 4178 premiffis
1357 4092 1481 4157 tamen
1510 4082 1624 4181 tropis
1651 4089 1709 4178 o).
1781 4086 1823 4163 si

204 4229 326 4295 autem
351 4211 401 4288 est
426 4203 610 4287 dominica
638 4201 795 4297 sequitur
813 4207 855 4277 t.
877 4201 1056 4276 uncrinus
1085 4206 1137 4297 qur·
1163 4207 1250 4278 ocur
1275 4192 1310 4276 ln
1334 4209 1461 4278 nornine.
1483 4242 1533 4259 -
1558 4244 1609 4259 -
1633 4244 1683 4260 ..

188 4456 194 4465 ’
244 4444 284 4525 n)
307 4440 431 4509 Culreis,
454 4435 521 4500 aliis
542 4436 619 4498 roim
639 4429 795 4515 urrhunhrr
812 4426 896 4495 mua
912 4429 979 4497 aliis
999 4428 1137 4496 amun.
1662 4323 1850 4460 will-⁴

244 4572 282 4654 o)
308 4569 397 4652 liupr·
418 4573 503 4632 crunt
523 4564 646 4649 quidam
668 4560 811 4632 verticuli
837 4559 1086 4635 arurlnrroitum
1109 4555 1271 4631 cnutone,
1304 4565 1338 4622 ut
1364 4558 1396 4621 r'n
1425 4556 1590 4623 Nutiur‘torr
1617 4526 1743 4623 llomr'ui
1770 4560 1822 4626 hi:

230 4704 233 4711 ·
285 4679 369 4745 Ecce
389 4675 488 4748 adest,
517 4674 555 4739 de
575 4691 638 4757 quo
660 4670 833 4756 Prophetae
853 4667 1040 4735 &eruerunt
1059 4678 1122 4734 etc.
1154 4663 1230 4731 Vnda
1248 4663 1387 4732 amaa
1408 4664 1531 4734 lintion
1549 4663 1632 4751 opud
1650 4664 1693 4731 du
1712 4668 1822 4733 Fruar

85 4854 93 4875 ‚
191 4838 213 4847 ..
288 4782 483 4866 V.Tropur.
620 4876 623 4881 Ι
