3736 5160
678 198 1099 297 ammaon*
1512 286 1515 291 .
1629 218 1703 297 aaa

73 394 86 421 ⁸
172 366 387 457 Posteriores
402 364 450 456 ad
463 378 510 455 D.
522 376 688 457 Flauium
703 378 904 457 Paconium
921 380 1087 477 eiusdem
1101 380 1324 481 argumenti,
1338 379 1378 460 dt
1390 378 1468 457 iere
1482 374 1593 454 etiarn
1606 375 1703 471 eiua·

71 502 161 579 dem
185 498 323 575 tenoris
345 498 438 576 lunt.
492 498 563 575 Del
548 501 689 587 l,olorrr
713 497 833 598 inquit
854 500 1040 587 Nuncius,
1073 499 1168 602 lajas
1186 502 1317 603 Epistol
1316 529 1354 577 or
1368 502 1448 602 sunl
1474 500 1538 575 duo
1560 494 1701 583 Patres,

70 619 210 719 qurlm
229 619 344 721 mifflrc
356 619 428 719 suis
445 616 636 696 Atriatibus
649 644 693 693 ea·
712 618 973 717 Congregoliorrc
988 619 1127 698 Sucuico
1157 621 1241 698 ord
1269 620 1306 699 S.
1328 620 1571 707 Borrediiirfl
1534 631 1571 693 ol
1580 618 1703 717 ,ficati
1820 690 1824 701 ,

69 738 155 815 milri
176 738 350 826 dixerunt,
381 739 519 815 troilcnc
543 764 614 814 cam
637 734 802 814 Soniiilol
750 750 818 813 lle
830 736 914 837 sua,
947 736 990 815 td
1013 737 1225 844 Musirifflmo
1245 740 1294 817 D.
1319 732 1701 817 Cordinoerorirrino

68 858 113 935 de
137 857 346 957 quorumdam
371 857 645 992 Mocossrriorum
672 860 867 959 restitucione
895 882 919 931 o
945 856 1041 935 Duce
1080 857 1344 961 lldnenlergiae
1370 860 1547 958 socienda,
1586 856 1641 932 td·
1658 856 1699 931 de

66 970 150 1055 aliis
165 975 237 1077 sois
266 990 364 1075 regor
364 979 415 1052 iis.
466 974 545 1076 Rog
524 1002 564 1051 σο
590 980 727 1077 uestram
750 969 1038 1063 Domirrotiorrcm,
1069 992 1107 1054 ul
1136 1006 1188 1054 ros
1212 980 1349 1079 henigne
1372 983 1535 1079 corripiel,
1564 979 1624 1077 rs
1623 1000 1698 1073 sque

66 1082 245 1195 aliqualem
196 1085 511 1195 errrlnllrrrdiooeoi
535 1093 700 1195 praebeat.
751 1092 947 1172 Dominotio
968 1100 1073 1198 uestro
1101 1096 1181 1174 milri
1202 1098 1261 1174 lror
1287 1100 1383 1173 modo
1407 1096 1487 1173 licut
1509 1098 1577 1171 leur
1599 1118 1698 1194 prae·
1738 1120 1741 1125 ·

55 1216 167 1323 flabit
190 1214 387 1315 obsequium,
423 1214 517 1311 idque
535 1214 616 1290 milri
634 1215 808 1315 testimonio
828 1217 1014 1315 fingulorir
1029 1216 1088 1317 firi
1112 1222 1194 1317 c'rgo
1216 1245 1266 1293 rnr
1284 1216 1429 1316 odseiiirr
1456 1219 1537 1304 erit,
1574 1213 1698 1313 firpro·

66 1332 172 1415 didos
194 1336 279 1410 enim
303 1332 454 1410 Alboler
478 1335 622 1423 meliori,
650 1356 713 1430 quo
735 1330 879 1435 poffirm,
904 1336 1001 1410 modo
1026 1342 1145 1436 jocare
1175 1338 1335 1439 defidero,
1371 1334 1412 1413 8
1432 1338 1552 1435 uestrae
1571 1332 1696 1417 Duilli·

27 1504 30 1509 -
62 1456 198 1535 animi
218 1477 334 1530 marrus
352 1478 397 1528 rx
420 1455 536 1529 mlimo
557 1451 653 1559 corde
674 1451 854 1553 exosculor.
906 1452 1077 1532 Lacernae
1100 1481 1137 1557 4.
1160 1454 1269 1562 ζ,ῗιιιιΙΙ
1286 1482 1374 1533 anno
1396 1462 1502 1549 rogo.

24 1748 30 1757 .
65 1738 71 1753 ·
118 1742 131 1753 --
178 1689 274 1779 Quin
305 1690 420 1766 immo
440 1687 672 1788 Ratiiponarn
699 1688 828 1780 delati,
870 1690 934 1772 vbi
963 1714 1008 1767 eo
1034 1702 1199 1793 tempore
1225 1694 1399 1772 Caesarea
1425 1690 1595 1790 Maiestas
1615 1714 1695 1769 mo·

61 1814 231 1895 robatur,
278 1810 323 1887 ab
350 1834 393 1885 ea
429 1811 568 1886 nedum
601 1806 844 1905 gratiosrllime
881 1812 1044 1910 excepti,
1098 1814 1159 1891 sed
1197 1815 1310 1915 eriam
1343 1837 1430 1893 curn
1460 1811 1610 1889 Litteris
1644 1811 1694 1887 ad

60 1930 270 2029 Principem
295 1928 512 2018 Sauellinm,
549 1930 651 2006 suurn
681 1929 720 2004 in
748 1931 830 2006 aula
850 1931 1222 2031 pontificialegatnm
1257 1936 1296 2011 in
1320 1934 1374 2012 rei
1407 1934 1586 2031 gerendae
1612 1952 1693 2028 gra·

60 2052 154 2129 tiam
184 2046 470 2146 ponderolrffirne
494 2047 631 2146 scriptis
660 2048 786 2127 dimilfi
813 2050 905 2129 sunt.
960 2052 1000 2128 P
1018 2054 1170 2129 Maurus
1196 2055 1313 2131 noller
1339 2056 1448 2133 data'e
1469 2055 1598 2128 luaean
1622 2072 1692 2127 noo

64 2186 121 2247 ro.
154 2167 308 2264 Augusti
337 2169 467 2243 eodem
496 2180 593 2243 anno
618 2166 740 2247 Roma
759 2168 958 2269 Epistulae·
992 2170 1124 2253 aarum
1147 2176 1394 2274 apographum
1419 2172 1576 2261 induit,
1598 2180 1691 2273 qual

12 2328 16 2335 ·
62 2290 139 2371 inc
152 2288 360 2367 inserendas
387 2288 583 2364 ιΙιιιιΙιιιιιιι

159 2560 162 2567 ’
270 2572 777 2682 runnrununus.

157 2756 321 2846 illustria,
343 2758 478 2844 fidelis,
505 2758 642 2836 dileste.
691 2757 902 2855 Expediunt
921 2758 1036 2837 isthuc
1058 2760 1097 2839 in
1119 2764 1242 2842 vrbem
1268 2762 1421 2841 Praelati
1446 2760 1532 2839 ord.
1553 2758 1592 2839 S.
1611 2756 1684 2837 Be·

55 2879 239 2959 nediiiie
261 2874 398 2957 Sueuia
426 2879 607 2973 ablegatos
628 2879 707 2953 suos
735 2876 832 2954 virm
862 2876 1077 2973 Religiolos,
1118 2896 1158 2961 vt
1189 2886 1285 2982 apud
1319 2884 1556 2961 Sanstitatem
1582 2878 1685 2956 suam

54 3000 206 3099 negotia
232 2999 280 3076 ad
306 2999 617 3075 conseruationem
646 3000 682 3076 dt
705 2996 979 3073 incrementum·
989 2999 1193 3097 Religionis
1224 3002 1308 3077 suae
1327 3000 1548 3100 pertinentia
1568 2997 1684 3075 inlici·

55 3132 158 3207 tent,
184 3130 293 3220 atque
321 3117 360 3196 id
386 3118 523 3194 solicite
551 3129 829 3215 praeconentur.
871 3141 919 3192 ne
940 3114 1026 3218 quid
1057 3120 1096 3195 in
1128 3120 1419 3197 concurrentium
1446 3118 1682 3199 multitudine
1746 3130 1755 3143 '

55 3242 292 3339 irnpetretur,
317 3240 414 3337 quod
439 3237 557 3314 ordini
581 3236 734 3333 ipsorum
763 3234 1034 3335 praejudiciale,
1067 3240 1215 3319 Nollrae
1237 3254 1322 3318 vero
1350 3240 1545 3317 intentioni
1565 3234 1681 3316 restil-

54 3358 185 3448 dnae,
224 3373 265 3437 vt
285 3358 479 3456 unicuique
504 3357 563 3434 lua
588 3358 819 3455 restituantur
844 3360 882 3433 dt
911 3359 1182 3446 conseruentur,
1218 3361 1439 3437 contrarium
1465 3359 1535 3435 elle
1559 3368 1680 3457 queat.

45 3482 214 3559 Demiffe
234 3481 386 3578 proinde
406 3478 631 3574 rogantibus,
655 3488 697 3554 vt
723 3478 794 3551 hoc
815 3474 885 3551 loci
909 3479 1166 3573 proteitionem
1192 3480 1333 3557 illorum
1356 3480 1526 3579 suscipere
1552 3479 1680 3575 digna·

52 3624 199 3688 remur,
228 3602 427 3677 clementer
440 3599 562 3683 ¹deelle
592 3596 794 3682 noluimus,
822 3596 977 3692 benigne
1002 3622 1068 3677 vor
1094 3594 1336 3699 requirentes,
1367 3598 1679 3698 quemadmodum

51 3722 129 3819 jarn
154 3722 296 3819 pridem
317 3717 449 3815 litteris
470 3715 617 3794 diuersra
639 3728 801 3791 mentem
827 3716 982 3794 nostram
1007 3718 1227 3797 declaratam
1254 3719 1421 3799 habetis:
1457 3717 1554 3795 nolle
1579 3716 1676 3800 Nor.

51 3856 95 3920 rt
117 3840 333 3919 Monalleria
358 3842 395 3917 dr
422 3838 517 3915 bona
541 3836 780 3913 Ecclefiastica
802 3836 1026 3914 Austorrtare
1048 3843 1164 3918 nostra
1181 3838 1340 3917 restituta
1363 3851 1426 3918 aut
1445 3838 1674 3925 restituenda,

49 3963 161 4041 nobie
184 3959 305 4035 insciis
330 3959 368 4036 δι
389 3958 518 4035 inuitis
543 3980 695 4055 qnorum
721 3956 882 4041 interest,
907 3958 1059 4037 aliorum
1087 3961 1203 4038 vsrbua
1227 3960 1459 4059 applicentur.
1522 3958 1573 4038 Vt
1593 3978 1675 4056 pro-

51 4082 142 4161 inde
165 4082 296 4157 horum
321 4076 580 4175 Religioiorunr
604 4074 867 4181 solicitudinem
890 4078 1101 4157 auctoritate
1130 4080 1248 4156 nolira
1273 4078 1451 4177 lnrperiali
1483 4076 1674 4177 adjuratio.

51 4201 208 4301 iplisque
231 4199 434 4299 ubicunque
457 4198 566 4273 luerit
595 4197 794 4281 necellum,
830 4197 877 4273 ad
901 4197 1207 4299 consequendum,
1242 4222 1336 4297 quae
1366 4198 1456 4296 julie
1478 4198 1688 4298 postulant,

50 4346 142 4421 ope,
176 4320 378 4420 patrocinio
411 4323 449 4399 da
482 4315 733 4413 suffragatione
771 4314 884 4393 vestra
921 4319 1020 4395 viam
1066 4316 1265 4395 faciliorem
1297 4320 1479 4409 reddatis,
1518 4319 1674 4417 benigne

28 4444 157 4523 'uobis
182 4440 438 4537 injungimus:
470 4440 568 4538 quod
601 4436 727 4513 auditu
757 4405 863 4512 noioir
883 4438 964 4513 erit
995 4438 1254 4534 gratiffirnum,
1287 4440 1462 4539 vobisque
1498 4441 1606 4519 redet
1632 4437 1672 4514 iri
1834 4510 1837 4515 .

47 4564 288 4645 commodum
316 4560 453 4657 gratim
485 4556 635 4641 Nostrae
663 4556 1003 4759 Irnperiulirkp‘ualrK
1025 4556 1270 4657 benigniffime
1307 4559 1412 4640 vobin
1444 4558 1672 4758 inclingmur

1587 4687 1670 4759 atu
