3736 5160
192 254 263 334 258
792 242 1210 333 *mmo*

195 418 242 492 de
263 416 460 513 nonaginta
482 438 616 494 nouem
637 416 748 511 justin.
797 418 1000 496 Hortamur
1026 419 1194 513 igitur&
1222 417 1439 493 obtestamur
1471 412 1743 493 Patcnrit'atem
1768 436 1833 491 re·

193 536 300 611 stram
326 560 389 634 per
414 538 532 635 lesum
562 534 763 621 Christum,
805 550 846 615 vt
869 561 941 635 qua
967 538 1087 635 coepit
1110 537 1342 619 fortitudine,
1374 550 1500 632 pergat
1527 536 1672 612 strenue
1698 536 1834 611 aduer-

196 652 254 731 sus
280 654 481 731 Potellates
509 655 740 731 tenebramm
770 659 974 741 decertare.
1010 657 1063 731 ita
1094 658 1197 731 autta
1229 654 1291 729 fibi
1313 654 1489 730 continuo
1515 655 1750 731 incremento
1778 654 1836 733 ‹ti-

196 772 283 849 viua
312 774 448 868 gratia,
479 775 585 849 facile
616 775 761 870 posthac
786 775 969 866 ejusmodi
991 776 1150 851 Satanae
1177 796 1297 860 arma,
1335 771 1504 861 infidias,
1544 774 1714 851 Fraudes
1742 798 1834 851 con·

197 892 397 989 tempserit,
431 894 693 989 immo,samae
714 916 858 992 quoque
880 896 963 968 suae
990 894 1171 971 maculam
1198 892 1347 976 eluerit,
1372 892 1577 991 praesertim
1603 907 1716 971 extra
1743 916 1834 973 cou-

196 1014 350 1109 lpetlum
374 1036 502 1088 eorum
524 1013 735 1099 bominum,
764 1012 829 1110 qui
851 1011 1053 1088 scandalosa
1079 1011 1339 1087 consuetudine
1362 1011 1581 1089 acerbiffime
1605 1014 1693 1089 sunt
1709 1012 1833 1089 ‚offen-

196 1131 240 1214 Ε,
273 1131 396 1227 procul
421 1132 568 1226 degens.
627 1132 735 1215 Quod
763 1154 848 1208 vero
877 1132 923 1207 ad
951 1131 1053 1207 suum
1077 1130 1150 1205 buc
1171 1130 1330 1207 reditum
1354 1130 1506 1217 attinet,
1545 1154 1659 1226 queur
1683 1130 1833 1229 videtur

196 1248 356 1326 molliter
377 1249 574 1325 admodum
595 1247 812 1338 desrderare,
849 1274 897 1325 ne
924 1249 1046 1327 dicam
1078 1250 1344 1344 imprudenter.
1387 1260 1497 1346 atque
1525 1272 1607 1326 eam
1636 1250 1696 1327 ‘ad
1729 1271 1829 1333 rem,

190 1368 317 1467 scripto
341 1370 531 1469 apostolico,
557 1369 594 1443 in
620 1392 692 1467 quo
710 1368 823 1445 etiam
851 1392 920 1463 ego
946 1369 1134 1455 nominor,
1170 1366 1223 1443 vti
1248 1366 1362 1456 velle;
1389 1366 1434 1441 sc
1458 1366 1593 1453 sentio.
1617 1366 1826 1465 &quidem

196 1488 392 1563 exanimo
420 1486 627 1563 amicissimo
655 1484 968 1585 sincerissrmoque,
1006 1487 1239 1563 Paternitatis
1267 1486 1402 1563 vestrae
1423 1485 1557 1562 Famae
1584 1487 1623 1565 dt
1655 1486 1826 1565 Nomius.

195 1610 310 1683 immo
343 1605 595 1703 tranquillitati
633 1608 669 1683 dr
704 1602 806 1681 saluti
835 1606 940 1705 plane
975 1606 1176 1681 consultum
1206 1604 1292 1687 esse.
1337 1616 1379 1679 vt
1404 1617 1508 1681 extra
1528 1604 1600 1681 bor
1623 1604 1723 1681 liner
1744 1618 1825 1701 agat

194 1750 305 1824 quam
333 1724 492 1800 maxime
522 1724 656 1821 procul.
727 1724 947 1801 Namatio
975 1724 1167 1821 oppidum,
1198 1724 1236 1800 in
1261 1722 1537 1810 Monastetium,
1571 1724 1620 1809 in¹
1639 1724 1818 1821 pristinam

194 1845 353 1941 denique
384 1842 600 1938 dignitatem
627 1842 792 1931 redierit,
817 1845 905 1942 quid
935 1844 1053 1929 aliud,
1080 1867 1190 1941 quam
1213 1866 1355 1925 eorum,
1398 1844 1461 1942 qui
1485 1842 1608 1917 offensi
1640 1842 1810 1921 suntlasr·

194 1964 336 2041 dias&
362 1964 540 2049 sutorem,
585 1962 803 2057 reliquorum
835 1986 920 2039 vero
949 1962 1209 2039 scommata&
1245 1960 1407 2039 conuitia
1434 1975 1634 2063 perpetua
1645 1958 1814 2061 exspecta

194 2082 272 2159 bit?
314 2104 387 2179 quo
417 2080 538 2165 vultu,
582 2080 711 2179 quibua
739 2081 853 2157 oculis
895 2080 1043 2157 audebit
1067 2080 1249 2185 conscium
1284 2080 1456 2179 populum
1487 2078 1655 2159 intueri!
1703 2104 1821 2157 nonne

195 2203 251 2279 tel
280 2201 428 2278 obuium
462 2198 623 2275 catulum
651 2224 737 2277 cum
764 2200 904 2276 summa
932 2184 1151 2279 verecundia
1174 2174 1402 2297 suspicabitur
1427 2200 1461 2276 se
1487 2174 1706 2280 criminaris
1739 2200 1820 2277 Pro·

193 2321 285 2397 sesto
309 2318 407 2395 nulla
426 2316 497 2393 erit
520 2318 616 2395 vitae
638 2319 731 2399 allio
760 2320 971 2417 quatumuir
997 2320 1145 2418 pudica,
1180 2342 1273 2418 quae
1297 2317 1336 2394 in
1366 2318 1589 2399 calumniam
1608 2344 1689 2399 uon
1711 2320 1819 2419 rapie-

194 2452 272 2521 turr
310 2448 349 2513 vt
374 2434 465 2511 nihil
488 2436 609 2545 dicaqr
638 2438 685 2513 de
705 2439 864 2537 periculo
891 2438 1037 2514 redibas
1062 2440 1107 2513 ad
1134 2438 1346 2523 Vomitum,
1383 2442 1661 2519 consuetudinis
1685 2462 1819 2521 memo·

191 2558 248 2635 ri'a
275 2556 349 2633 visu
366 2556 545 2631 refricata.
589 2526 656 2631 ΕΕ
679 2554 778 2631 enim
809 2560 918 2633 Satan
940 2556 1054 2635 mirus
1078 2556 1244 2633 artifex
1232 2580 1271 2633 ιιι
1293 2556 1448 2635 nostram
1470 2558 1688 2658 perniciem.
1743 2558 1818 2639 Ma·

192 2676 248 2775 jor
283 2676 333 2751 etl
369 2676 468 2751 sama
493 2698 595 2763 vero,
634 2676 761 2762 credo,
806 2676 922 2755 immo
952 2688 1038 2775 opto
1066 2676 1314 2758 vaniffimam,
1360 2677 1420 2753 sed
1453 2676 1526 2757 hoc
1559 2678 1650 2783 sane
1685 2680 1815 2757 crimen

193 2798 289 2893 apud
314 2819 383 2869 noa
413 2818 459 2869 ex
490 2792 617 2869 diuina
645 2794 839 2870 clementia
871 2796 1045 2873 hallenus
1077 2794 1257 2889 ejusmodi
1283 2797 1455 2885 habetur,
1493 2810 1533 2875 vt
1560 2800 1688 2879 auum
1714 2798 1816 2899 plane

192 2916 216 2991 s
218 2928 235 2991 t
264 2916 311 2990 de
338 2937 401 2996 eo,
440 2912 502 3012 qui
532 2912 590 2989 vel
626 2912 732 2989 semel
764 2912 801 2989 in
834 2911 915 3009 ejus
954 2914 1185 3011 suspicionem
1218 2914 1377 3003 venerit,
1421 2938 1492 2993 neo
1522 2916 1609 2993 satia
1641 2918 1688 2996 Ει
1718 2934 1812 2995 extra

191 3057 327 3111 noxam
376 3033 464 3117 elle,
518 3032 584 3108 nist
630 3033 743 3108 etiam
783 3046 885 3107 extra
935 3032 1167 3129 suspicionem
1206 3058 1354 3111 omnem
1407 3034 1490 3133 quis
1535 3038 1663 3117 suerit.
1738 3036 1810 3125 Quo

191 3154 253 3237 lit,
305 3164 346 3227 vt
394 3175 555 3238 vererer
605 3174 827 3251 quamquam
867 3152 999 3251 alloqui
1041 3154 1089 3228 de
1131 3152 1218 3229 Pont
1204 3156 1287 3255 ts
1244 3180 1309 3229 rao
1346 3155 1553 3234 Auamma
1522 3154 1803 3265 tPotejtatrqae

189 3272 282 3347 nihil
306 3270 506 3365 ambiam
557 3292 606 3345 ne
652 3270 742 3347 illud
774 3256 1008 3371 pontificium
1047 3270 1218 3371 Diploma
1254 3273 1517 3369 l’atemitatem
1554 3276 1713 3355 vestram
1736 3296 1797 3351 nou

189 3390 276 3467 satir
316 3404 437 3467 tutam
471 3389 583 3467 etiarn
629 3389 798 3467 redderet
837 3390 896 3467 laia
928 3390 1030 3467 locis.
1117 3394 1226 3477 Quod
1259 3394 1409 3491 quidem
1438 3392 1631 3491 Diploma,
1676 3396 1700 3473 Ε
1724 3388 1799 3471 mibi

192 3508 286 3607 quafi
318 3508 444 3611 jodici
475 3506 705 3584 exhibebitur
741 3509 804 3603 (in
838 3532 909 3608 quo
940 3520 1062 3586 tamen
1102 3532 1162 3587 me
1197 3512 1405 3588 excusatum
1439 3512 1575 3589 babeat
1611 3514 1854 3593 Patemstuoe

189 3628 322 3729 vestra,
349 3626 482 3703 obnixe
505 3627 659 3725 precor)
683 3630 876 3707 decernam
903 3630 1103 3731 Praemia,
1133 3654 1243 3729 quem
1269 3642 1427 3733 uocant,¹
1440 3634 1674 3731 solatiantem.
1737 3629 1828 3717 0ιὶ

186 3746 391 3835 ΡιοιιιΕιιιι,
427 3758 604 3845 quantum
626 3745 664 3821 in
692 3770 738 3821 eo
765 3746 1029 3833 submonendo,
1054 3748 1116 3847 qui
1142 3750 1374 3826 paternitatis
1402 3750 1538 3827 vestrae
1557 3754 1682 3833 locum
1705 3773 1803 3829 octu-

186 3882 273 3969 pat,
296 3864 474 3967 proderit,
507 3888 576 3963 ego
602 3864 775 3963 Episcopo
809 3878 874 3943 aut
903 3868 1005 3944 alteri
1030 3866 1211 3944 ordinario
1234 3866 1353 3967 Judici
1378 3870 1558 3967 pennitto
1627 3870 1709 3951 Hoc
1724 3892 1795 3969 pro·
1857 3900 1860 3905 ·

186 3990 281 4068 sesto
310 3987 402 4070 scio,
441 3986 541 4085 quod
559 3983 690 4060 laesam
712 3984 870 4079 grauiter
896 3986 1130 4065 Paternitatis
1155 3986 1289 4065 vellrae
1313 3988 1448 4067 samam
1465 3990 1584 4067 multo
1606 3992 1786 4087 ericam

189 4102 436 4192 vitulamen
475 4126 588 4203 quum
612 4102 726 4201 ipsum
758 4103 1004 4200 ripollolicum
1039 4106 1227 4205 scriptum,
1279 4107 1418 4207 inquo
1455 4109 1663 4189 Patemitaa
1696 4110 1784 4193 reslra
1844 4158 1864 4207 Ξ

186 4227 330 4321 culpam
354 4224 506 4306 fatetur,
531 4220 641 4319 vulgo
663 4222 856 4317 legendum
879 4224 1118 4300 exhibebitur.
1204 4228 1451 4325 Quapropter
1477 4228 1645 4307 omnium
1674 4225 1785 4306 consul·
1852 4270 1864 4313 ÷

187 4346 355 4423 tissimum
377 4339 632 4438 iudicauerim
665 4353 705 4417 vt
727 4343 930 4419 Paternitas
957 4344 1069 4419 restra
1087 4346 1283 4443 quamlibet
1310 4358 1443 4427 terram
1466 4371 1531 4445 pro
1555 4350 1678 4429 Patria
1708 4345 1788 4427 sorti·
1860 4376 1864 4413 τ

186 4479 243 4541 ιιι
272 4460 484 4545 aestimans,
530 4460 578 4534 de
603 4459 721 4536 reditu
751 4460 842 4536 nihil
868 4465 1065 4563 cogitaret.
1103 4465 1162 4540 sed
1189 4468 1227 4539 in
1260 4464 1333 4540 boc
1359 4463 1497 4565 scriptia
1524 4470 1573 4546 ad
1601 4466 1794 4549 monasterii

187 4585 236 4662 sui
262 4580 461 4659 l‘raescttos
485 4578 678 4667 niteretur,
720 4592 761 4660 vt
782 4580 846 4661 srbi
869 4582 910 4660 in
935 4582 1091 4680 singulos
1121 4606 1236 4662 annos
1263 4596 1400 4667 certam
1422 4588 1603 4685 prumiae
1628 4590 1797 4672 summam
1860 4600 1864 4689 ξ

1736 4737 1795 4814 pro
