3736 5160
733 237 1153 333 *ww*
1686 252 1754 313 121

113 412 266 505 straturi
287 416 496 516 procedant.
534 406 644 504 ‘Quo
670 416 787 495 eciam
814 417 974 494 intrante
995 427 1200 494 conuentus
1229 438 1302 493 non
1330 425 1406 495 tani
1436 416 1498 518 ipsi
1530 420 1635 515 vitque
1660 419 1757 492 nitrii-

108 541 179 641 μή
202 536 331 631 officiium
344 541 489 633 saidam
514 537 657 633 assurgit
685 560 795 637 quani
823 540 929 613 Priori
953 539 1106 635 adsedem
1124 543 1323 634 prsiniputem
1346 549 1420 612 tunc
1446 541 1591 613 taidniti.
1654 535 1754 613 Nam

119 655 289 735 tabulam
315 670 504 753 percutere
532 656 635 733 desiit
657 648 745 733 mox
773 670 812 732 vt
835 659 1000 732 ‘domnus
1024 659 1132 734 abbas
1154 656 1253 754 prius
1278 658 1325 732 ad
1355 679 1442 732 euni
1464 656 1622 742 acceffit,
1649 676 1754 734 eum·

122 799 198 877 qne
220 776 259 850 in
291 775 419 851 ordine
448 776 509 851 suo
538 777 707 874 precessit.
770 777 840 858 Qui
869 775 1033 877 protinus
1068 788 1108 853 vt
1138 775 1337 852 consederit
1362 775 1537 850 diaconus
1560 775 1753 854 ledionem

122 894 187 973 vbi
225 888 322 991 prius
354 879 537 971 dimiserat
575 898 707 992 repetit
743 897 879 973 domno
916 895 1044 970 abbate
1087 895 1288 994 ceterisque
1329 894 1580 971 ministraturis
1616 898 1656 970 cd
1675 917 1752 991 gru·

124 1019 200 1091 &nu
224 1017 391 1116 stnddw.
469 1017 550 1092 Vno
585 1006 689 1092 versu
728 1014 882 1112 perietio
919 1014 1016 1089 Prior
1048 1015 1179 1111 merdam
1207 1033 1371 1111 puruipcr
1405 1037 1474 1090 cuin
1506 1021 1610 1091 madio
1638 1015 1751 1113 puisat.

126 1134 209 1219 Quo
234 1131 390 1209 cessante
415 1133 575 1210 domnus
599 1135 709 1209 abbas
725 1133 922 1231 substancia
946 1135 1071 1228 solitam
1097 1137 1152 1208 dii
1175 1135 1418 1227 dimidiasti,
1441 1133 1557 1211 itaut
1581 1133 1627 1211 ad
1648 1156 1752 1210 meii-

123 1251 199 1331 saiu
224 1252 277 1329 est
301 1252 439 1341 versus,
464 1252 634 1347 ministris
658 1264 802 1329 tantum
828 1257 860 1328 se
884 1253 980 1329 inter
1004 1252 1294 1330 benedicendum
1325 1250 1594 1329 inclinantibus.
1658 1254 1753 1329 Mox

124 1371 258 1451 leticie
295 1396 386 1470 opus
422 1371 663 1470 interruptum
692 1385 901 1470 repetente,
950 1372 1089 1472 ipse&
1118 1372 1268 1471 predisti
1294 1371 1449 1448 seniores
1477 1372 1697 1471 accipientes
1728 1393 1753 1448 a

128 1490 314 1592 principali
345 1493 466 1567 mensa
496 1491 594 1591 prius
630 1493 702 1568 illic
733 1493 911 1591 oppositos
945 1497 983 1572 ἀ
1011 1492 1049 1568 in
1082 1504 1236 1590 quatuor
1266 1502 1386 1587 partes
1416 1491 1548 1571 diuisos
1575 1503 1680 1567 teiam
1706 1490 1753 1580 8

128 1610 343 1709 ioididffmos
360 1628 456 1707 panis
485 1615 522 1691 ὄι
552 1612 709 1709 primuni
742 1616 780 1686 ut
812 1620 946 1710 pari'du
978 1611 1098 1709 postea
1125 1615 1166 1685 ud
1193 1618 1319 1697 siniam,
1358 1610 1510 1710 quisque
1533 1612 1580 1687 ad
1609 1610 1750 1688 mensas

129 1729 183 1807 ibi
210 1740 467 1829 competentes
499 1728 642 1826 singuiis
675 1731 843 1809 iratribus
878 1730 1032 1827 singulas
1063 1734 1196 1827 quadras
1218 1731 1423 1827 porrigunt,
1461 1732 1623 1827 osudmtcs
1647 1733 1750 1806 dote·

129 1874 189 1927 rin
214 1872 346 1926 mauron
369 1853 526 1945 iujusiiet
546 1861 607 1926 iat
632 1872 829 1927 iii-'LocivM
855 1858 1038 1947 arripienti.
1087 1847 1190 1925 Tunc
1211 1849 1361 1926 denium
1384 1851 1542 1928 domnus
1561 1849 1652 1928 abba
1674 1849 1754 1925 diae

130 1992 216 2045 cono
247 1967 386 2067 sibique
417 1968 613 2048 astantibus
645 1971 803 2049 eandem
833 1969 1122 2048 benedictionem
1147 1967 1289 2052 tribuit,
1335 1966 1513 2059 sitamen
1549 1973 1686 2048 versum
1709 1970 1751 2046 si·

131 2088 237 2165 niunt
256 2088 454 2185 inceptum.
507 2090 587 2176 Que
614 2088 816 2167 benedittio
848 2090 892 2166 ab
926 2089 981 2165 eis
1007 2100 1157 2188 accepta
1177 2111 1248 2198 per
1272 2087 1451 2165 ministros
1481 2091 1623 2169 abbatis
1648 2090 1750 2189 poni·

136 2218 194 2283 tur
217 2204 255 2282 iii
279 2206 462 2307 principali
487 2208 618 2285 mensa.
675 2207 765 2285 Mox
794 2208 986 2305 resedam
1011 2208 1120 2286 semel
1145 2208 1375 2306 percuciente
1400 2232 1483 2285 cuiii
1512 2212 1642 2315 inalieo
1668 2234 1783 2290 eam.

137 2324 364 2425 superquam
387 2340 496 2425 potus
521 2328 691 2405 miscetur
713 2329 873 2405 mensam
899 2327 1054 2404 seniores
1084 2351 1170 2404 cum
1194 2326 1325 2404 ceteris
1349 2327 1519 2405 ministris
1536 2342 1663 2429 patriar
1691 2356 1754 2408 co-

132 2466 203 2523 iain
229 2446 403 2523 fnanibus
438 2449 620 2546 accipiunt
653 2458 852 2547 potumque
876 2447 1053 2544 asserunt,
1095 2448 1233 2525 domno
1266 2448 1395 2525 abbate
1421 2447 1568 2528 interim
1601 2451 1640 2527 iii
1669 2452 1754 2553 ioco·

131 2565 180 2644 ibi
203 2565 243 2645 δι
267 2567 371 2665 prins
396 2592 529 2664 panem
560 2568 747 2645 benedixit
776 2568 1005 2666 expestante,
1057 2579 1098 2646 vt
1137 2570 1174 2646 bi
1202 2578 1332 2666 potum
1362 2567 1411 2645 ibi
1435 2568 1626 2646 benedicat
1660 2570 1753 2648 &a

133 2686 288 2765 ministro
314 2701 507 2786 acceptum
537 2688 644 2765 Priori
675 2687 810 2765 afferat.
860 2687 1040 2767 stationis
1072 2701 1195 2764 autem
1216 2711 1345 2765 eoruni
1366 2688 1420 2764 ita
1445 2687 1533 2763 erit:
1560 2690 1753 2789 unicuique

83 2804 101 2813 ’“
136 2806 306 2884 seniorum
333 2806 384 2882 sui
408 2807 593 2903 adjutores
618 2831 729 2906 quam
754 2806 1033 2902 conjunctissime
1064 2806 1227 2884 assistant.
1288 2805 1421 2883 Sonitu
1441 2808 1656 2884 resetiorarii
1681 2808 1754 2884 ces·

139 2928 223 3003 bute
248 2940 360 3025 potus
384 2924 526 3003 blenter
552 2928 795 3013 benedicitur,
823 2932 859 3004 ib
881 2948 946 3022 per
970 2948 1102 3001 manus
1126 2926 1286 3004 oscuiuin
1309 2927 1441 3001 eodem
1466 2927 1593 3003 ordine
1616 2950 1689 3025 quo
1714 2926 1752 3004 oi

140 3046 225 3143 prius
249 3046 358 3144 panis
380 3048 550 3125 omnibus
576 3047 784 3145 porrigitur,
819 3045 1038 3145 quibusdam
1062 3043 1370 3122 discunibencium
1393 3045 1581 3144 postquam
1604 3049 1665 3124 sua
1688 3070 1752 3145 po-

143 3167 209 3243 coia
230 3165 446 3264 susceperint
481 3168 529 3242 ad
554 3165 626 3241 hoc
651 3165 920 3262 adjussautibus.
997 3166 1079 3251 Quo
1107 3165 1199 3242 sasto
1232 3165 1391 3241 domnus
1418 3165 1527 3240 abbas
1556 3165 1595 3244 dc
1621 3192 1751 3246 omnes

144 3284 184 3361 sui
203 3286 434 3383 coadjutores
457 3286 505 3362 ad
527 3286 681 3382 gradum
696 3285 891 3371 inclinant,
916 3284 955 3362 bc
980 3282 1033 3360 ita
1057 3282 1182 3378 singuli
1195 3287 1282 3384 sedes
1299 3289 1443 3381 propria
1463 3268 1603 3382 petunt
1649 3287 1752 3366 Tunc

145 3406 287 3501 primuni
321 3419 525 3482 conuentus
551 3407 688 3482 domno
732 3406 853 3484 abbati
881 3408 999 3482 donec
1030 3405 1212 3479 consideat
1239 3402 1399 3497 assurgit,
1440 3407 1478 3482 di
1500 3417 1625 3485 tamen
1656 3408 1754 3483 Piso·

146 3525 366 3624 aprincipali
392 3526 515 3602 mensa
544 3549 617 3600 nou
640 3525 796 3613 recedit,
819 3525 880 3600 sed
908 3523 1029 3601 abbati
1054 3530 1273 3620 adnuntiatum
1295 3525 1383 3599 cidit.
1452 3521 1550 3601 Huic
1580 3526 1618 3605 tic
1645 3525 1753 3601 serui·

113 3640 119 3657 *
147 3646 267 3723 toribus
291 3644 458 3744 predictis
484 3647 614 3721 frames
645 3643 698 3719 hii
723 3667 856 3741 panem
883 3646 921 3722 ἀ
953 3641 1080 3718 vinum
1103 3643 1164 3719 sub
1189 3642 1317 3719 osculis
1345 3664 1522 3720 manuum
1552 3645 1753 3722 ministrant

148 3764 198 3859 qui
218 3764 416 3862 &pridem
441 3766 553 3864 pedes
577 3763 632 3838 eis
654 3763 835 3842 lauabant.
904 3761 1088 3838 Diaconos
1127 3785 1149 3836 a
1180 3761 1331 3843 lenione
1357 3786 1431 3838 non
1466 3762 1589 3850 cessat,
1633 3768 1750 3843 donec

149 3903 215 3961 euni
238 3885 423 3981 usquead
447 3884 659 3982 paffionem:
693 3880 838 3984 Egressus
859 3880 973 3983 Jesus,
1005 3883 1208 3976 protendat
1284 3883 1388 3959 Tunc
1411 3884 1563 3959 demum
1584 3883 1753 3971 inclinat,

150 3998 179 4077 ii
191 4006 297 4105 sitinii
315 4010 464 4102 pannon
478 4005 573 4102 supa·
595 4011 767 4097 eulogium
791 4001 912 4099 ponit,
938 4002 1071 4077 deinde
1098 4000 1168 4098 ipse
1195 4003 1232 4079 bc
1258 4002 1393 4093 conarfi
1419 4003 1524 4100 positis
1550 4006 1645 4102 super
1669 4028 1753 4079 nien·
1825 4022 1831 4027 ·

143 4118 199 4213 sni
220 4114 407 4201 midcldrb
428 4122 534 4218 juxta
558 4121 717 4198 Priorem
745 4121 947 4208 consident,
989 4120 1093 4196 finita
1115 4142 1206 4194 cena
1231 4123 1268 4197 dc
1293 4121 1431 4197 domno
1454 4123 1584 4198 abbate
1610 4125 1656 4198 ad
1681 4124 1753 4198 sur-

151 4224 292 4333 gendum
317 4222 366 4317 as
397 4242 527 4339 nuusuii
546 4243 697 4337 pustino,
736 4245 868 4318 eodeni
903 4240 1030 4316 ordine
1057 4253 1096 4318 vt
1126 4253 1319 4327 veiierunt,
1358 4240 1404 4317 sic
1433 4265 1577 4342 quoque
1607 4256 1753 4320 exeunt.

80 4426 109 4465 Ι.
151 4358 233 4439 Ante
256 4356 385 4456 bstun
410 4359 520 4455 aelesti
544 4361 744 4457 percutitur
767 4361 890 4436 tabuia
913 4364 960 4438 ad
985 4359 1272 4459 completorium.
1334 4360 1521 4436 Diaconus
1544 4366 1641 4438 dian
1665 4387 1753 4440 exii·

80 4472 83 4477 ’
152 4486 213 4559 tan
234 4480 381 4573 mnierfis
399 4485 750 4586 psicoidainreb‘npiu‘t,
778 4481 970 4581 &ipsein
999 4480 1152 4557 choruiii
1184 4481 1295 4557 vadit
1365 4480 1653 4577 completorium
1674 4508 1753 4583 pre·

139 4598 233 4678 --nim
257 4600 427 4707 oracione
451 4602 489 4679 dc
512 4599 741 4700 consessione,
759 4602 819 4697 sub
834 4603 954 4700 fisencip
980 4607 1017 4677 ab
1042 4624 1104 4677 uno
1118 4624 1227 4699 quoquc
1243 4601 1427 4699 stipiddini
1447 4610 1592 4702 i'iui'pi'iur
1615 4607 1660 4694 &
1675 4604 1754 4699 fini·
1862 4584 1866 4591 ’

996 4723 1030 4808 Q
1684 4738 1754 4812 sur,
1783 4764 1788 4776 ·
