3736 5160
1752 104 1831 127 με.

121 225 198 357 sos
722 266 1140 362 *comme

122 436 345 536 „diligenter
366 412 585 529 admonens,
621 441 773 520 mirifice
798 445 850 521 est
873 446 1084 524 delestatus.
1151 444 1192 523 ln
1214 468 1308 544 quo,
1348 443 1486 546 liquid
1512 467 1581 544 ego
1604 443 1761 547 possum

122 572 261 658 „prout
290 562 328 638 dr
352 560 389 635 in
423 559 503 635 aliis
539 563 585 637 ad
614 562 791 642 honorum
827 569 1061 643 commodum
1098 565 1292 655 Personae,
1332 567 1371 645 dr
1398 567 1612 645 Monasterii
1652 568 1763 648 vestri
1850 617 1864 640 .

122 678 415 776 „sperantibus
455 702 576 757 rnearn
603 704 769 779 operam,
792 684 967 770 studium,
994 687 1104 762 fidem
1129 689 1167 763 dr
1195 686 1430 782 Diligentiam
1450 685 1563 763 offero
1588 686 1761 765 dename

123 796 420 896 „paratissimam
479 800 626 890 Valeat,
660 825 793 901 meque
819 804 889 880 suis
914 805 953 880 δι
977 806 1119 882 sucrum
1145 805 1310 901 precibus
1332 804 1372 880 dr
1393 804 1575 881 sacrificiis
1599 805 1760 897 babeat,
1779 864 1866 899 -,

122 940 242 1015 „rogo
264 919 575 994 commendatum.
625 921 744 997 Roma
769 947 784 996 r
789 946 823 1017 3.
847 923 1074 1021 Septembris
1104 934 1206 1026 ¹⁶07·
1256 923 1404 1005 illustria
1430 925 1470 1005 dr
1492 925 1864 1007 &mentiti--

123 1060 208 1117 mae
229 1041 349 1141 ueJlrnr
374 1037 591 1116 Pntrrrrr'tntr's
612 1043 854 1145 stradiostfflrnur
879 1042 1020 1123 Amicus
1043 1058 1104 1125 etc.

219 1276 398 1376 Exemplo
423 1278 533 1375 igitur
556 1279 703 1376 Georgii
726 1280 833 1357 nostri
860 1283 993 1363 fadum
1016 1282 1089 1366 est.
1121 1291 1163 1359 ut
1186 1281 1351 1359 Abbater
1372 1304 1517 1381 quoqne
1538 1281 1681 1368 ceteri.
1715 1306 1758 1361 ae
1775 1291 1864 1349 Ξ

124 1400 317 1487 Monactn,
342 1398 507 1475 Licentia
529 1403 714 1498 quondam
741 1404 778 1478 dr
804 1403 909 1479 seculi
935 1426 1058 1478 amore
1082 1400 1229 1477 inescati
1250 1403 1327 1496 jam
1351 1400 1448 1500 quast
1469 1403 1596 1500 sponte
1620 1404 1672 1479 ad
1693 1403 1743 1479 Sa

123 1520 228 1597 nicra
260 1521 299 1598 dt
324 1518 510 1596 Sanfticra
540 1519 719 1609 conuersi,
752 1523 800 1597 ad
834 1523 1080 1598 reuocandum
1116 1520 1282 1618 pristinae
1323 1520 1544 1621 Disciplioae
1579 1522 1762 1602 Decurem
1843 1541 1866 1568 ¹

122 1638 310 1720 communi
334 1638 403 1713 sese
427 1637 548 1715 labore
572 1639 811 1736 accingerent.
862 1643 983 1725 Quare
1007 1642 1171 1718 Abbates
1196 1640 1313 1737 primo
1333 1641 1371 1715 in
1395 1638 1509 1718 urium
1533 1642 1760 1738 cougregati,
1807 1682 1862 1714 a

121 1758 265 1838 statutis
299 1758 522 1856 interiet)
561 1757 710 1855 triginta
749 1759 788 1837 δι
817 1784 889 1839 vno
929 1785 1060 1838 arem
1105 1772 1184 1837 tam
1235 1757 1412 1837 salubrem
1459 1763 1758 1858 promoueadam

124 1879 303 1964 articulis,
327 1878 374 1954 ad
398 1876 609 1975 erigendam
634 1879 692 1958 rel
715 1882 839 1975 potins
874 1881 1130 1958 restituendam
1153 1880 1485 1973 congregationem
1517 1878 1661 1958 animos
1689 1883 1757 1958 ad·

121 2000 336 2100 plicuerunt
387 1998 505 2075 Multo
528 1998 614 2075 satis
648 2013 812 2098 tempore
837 2001 930 2079 ultro
964 2005 1128 2097 citroque
1152 2000 1261 2075 datae
1294 1998 1377 2074 sunt
1397 2000 1562 2077 Litterae
1592 1998 1752 2077 deloco

123 2122 300 2222 primum,
326 2143 399 2219 quo
426 2118 610 2196 Abbatum
634 2131 838 2197 mouentur
865 2122 1104 2199 celebraretur
1127 2117 1377 2205 commodius.
1434 2116 1476 2199 dt
1518 2118 1610 2199 dein
1641 2118 1760 2199 etiam

124 2242 173 2319 de
201 2241 327 2328 rebus,
350 2239 604 2339 quaeratione
627 2241 929 2338 Congregaticnis
957 2238 1173 2315 excitandae
1201 2241 1447 2317 traderentur.
1497 2239 1632 2319 uena
1657 2241 1758 2319 deiur

122 2359 415 2456 congregatione
448 2361 486 2437 dr
518 2382 540 2434 a
570 2359 710 2467 summa
742 2359 824 2437 sede
857 2362 1054 2457 adprobata
1089 2370 1199 2458 atque
1233 2357 1446 2434 confirmata
1473 2356 1515 2435 in
1549 2358 1756 2455 Georgium

123 2480 282 2559 nomem
305 2476 506 2556 Visstatcris
535 2478 696 2555 officium
726 2479 921 2555 deuoluere
943 2481 1105 2556 Abbates
1133 2477 1310 2553 foederati
1342 2476 1515 2553 suadente
1544 2478 1753 2578 praesbrtim
1843 2541 1862 2555 .

124 2600 267 2680 Andreo
301 2598 442 2677 Abbate
466 2594 700 2693 Pererrlrnjirnc
730 2598 932 2675 voluerunt
1001 2600 1138 2677 Verum
1172 2598 1299 2673 Abbas
1335 2595 1454 2673 noster
1480 2596 1556 2673 hoc
1577 2596 1751 2677 nmeru
1846 2648 1858 2667 .

123 2719 281 2819 primum
309 2719 541 2815 deprecatur,
566 2718 820 2795 accedentibus
842 2718 993 2796 aliorum
1016 2719 1104 2794 dein
1128 2718 1312 2816 precibus,
1345 2720 1385 2795 dr
1413 2714 1583 2795 Consiliis
1601 2720 1752 2797 'malem
1814 2758 1857 2777 -

125 2836 184 2925 sit,
209 2836 262 2913 ita
283 2849 428 2923 tamen,
453 2848 493 2915 ut
518 2837 611 2912 alius
633 2836 695 2914 fibi
720 2839 975 2936 adjungeretur
1003 2838 1148 2926 Abbas,
1188 2838 1251 2914 nbi
1277 2837 1348 2915 hac
1376 2834 1415 2912 in
1455 2860 1495 2915 re
1519 2840 1559 2915 dr
1584 2838 1689 2915 testis
1717 2839 1857 2917 dt:

125 2958 268 3054 adjutor
290 2957 443 3033 futurus.
493 2956 716 3033 conditione
740 2971 889 3056 accepta
914 2964 986 3038 sors
1011 2960 1112 3057 super
1135 2957 1418 3057 Petrushianum
1440 2956 1590 3035 cecidit.
1634 2960 1856 3047 Quaree

123 3079 279 3177 primam
301 3076 552 3157 visitationem
580 3079 693 3154 rinno
720 3094 812 3172 1589
861 3079 1087 3162 indixerunt,
1122 3080 1219 3153 datis
1250 3078 1297 3152 ad
1328 3075 1481 3175 fingulos
1514 3076 1687 3155 Abbates
1715 3078 1854 3155 iun

122 3199 221 3276 hunc
245 3211 410 3275 tenorem
434 3195 605 3272 Litteris:
631 3196 816 3274 Reuerentia
840 3198 890 3297 u)
916 3198 1057 3273 llornr'ne
1082 3196 1204 3286 Abba,
1230 3196 1353 3273 Frater
1380 3200 1417 3271 r'rr
1439 3194 1568 3295 crepo
1598 3196 1856 3301 σιωπῇ-

125 3346 185 3397 me.
237 3318 376 3416 „Juxta
405 3316 567 3393 oslrcium
594 3317 771 3402 nonum,
807 3319 914 3393 nobis
944 3318 1110 3415 proxima
1143 3316 1181 3393 in
1223 3314 1423 3417 Wnldsrenst
1455 3313 1858 3413 congregatione-3

124 3437 377 3536 „injunttum
401 3436 514 3512 visum
537 3436 605 3521 est,
627 3460 674 3512 ea
699 3461 791 3536 quae
813 3437 1002 3513 communi
1030 3439 1177 3515 Parrum
1199 3435 1341 3512 ordinis
1359 3434 1467 3513 nostri
1500 3434 1540 3510 S.
1560 3421 1859 3514 Benedisiiiti

124 3558 342 3645 „conknsm
381 3554 511 3629 statuta
537 3554 634 3639 sunt,
672 3556 880 3634 executioni
904 3558 1097 3641 mandare,
1138 3578 1180 3632 ac
1205 3555 1289 3632 ideo
1312 3554 1358 3629 ad
1391 3552 1647 3633 Fraternitatis
1665 3563 1861 3633 'mae‘

124 3673 413 3764 „Monaiierium
435 3666 514 3749 Deo
536 3674 700 3761 volente,
726 3677 850 3753 venire
875 3678 921 3751 ad
952 3678 1053 3753 diem
1080 3675 1211 3751 mensa
1235 3673 1398 3755 octobris
1423 3672 1648 3771 propositum
1676 3668 1747 3758 eil,
1767 3708 1853 3747 ..a

122 3794 356 3894 ,insequenti
380 3793 552 3892 deinceps
577 3792 638 3869 die
661 3794 868 3892 aggressuri,
896 3796 937 3874 dc
964 3794 1093 3884 asturi,
1130 3818 1224 3894 quae
1252 3793 1415 3869 mrmmis
1435 3792 1545 3869 nostri
1571 3794 1666 3871 ratio
1685 3814 1747 3889 po-
1773 3810 1848 3840 ‘

124 3914 317 4003 ‚,stulabit..
359 3912 471 4007 Igitur
493 3911 773 3993 fraternitatem
799 3928 900 3994 tuam
932 3936 1144 3999 monemur,
1181 3922 1224 3989 ut
1257 3923 1360 3987 curet
1388 3934 1523 3991 omnes
1551 3910 1637 3991 suos
1667 3912 1836 3988 Fra-³

127 4048 255 4126 „trea,
288 4038 325 4112 dr
351 4030 573 4121 monachos,
606 4033 688 4110 illos
713 4036 826 4112 etiam
846 4034 911 4133 qui
943 4035 979 4109 in
1006 4034 1193 4110 Parochiis
1220 4030 1405 4115 habitant,
1444 4030 1640 4107 nominato
1661 4044 1815 4110 tem-f

123 4178 240 4255 „pore
262 4150 465 4251 praesentes
488 4150 567 4228 else.
628 4154 691 4230 Sic
713 4156 804 4231 haec
828 4152 952 4229 omnia
975 4156 1107 4231 debere
1131 4152 1226 4236 fieri,
1257 4148 1406 4251 Rr'ceffiu
1435 4148 1661 4255 Wcldseeafir
1688 4155 1764 4230 do-

123 4329 148 4363 ,‚
180 4271 241 4349 cui
264 4291 415 4359 omnes,
439 4269 540 4347 illurn
564 4272 783 4350 unanimiter
805 4284 926 4349 ratum
949 4272 1145 4361 habentes,
1167 4269 1434 4367 subscripsimus.
1489 4270 1570 4351 FF.
1594 4273 1749 4350 Andreas
1789 4329 1792 4332 >

123 4390 358 4471 Perrasiicnur
395 4388 438 4467 Θ
477 4388 643 4491 Georgius
682 4392 941 4494 Weirrgartensts
978 4392 1139 4471 Albam.
1216 4389 1354 4471 Habita
1388 4389 1442 4467 est
1471 4392 1596 4488 primo
1640 4392 1749 4492 Vsnne
1830 4384 1839 4473 ,’

122 4512 185 4591 die
212 4523 267 4599 18.
288 4507 498 4612 Octsrnlusti
520 4532 578 4589 aa.
609 4522 718 4610 atque
745 4512 938 4615 Wblr‘ngne
957 4536 1014 4613 25.
1036 4513 1205 4612 ejusdem
1223 4509 1368 4593 Meam·
1383 4510 1565 4593 Ottobris.
1626 4510 1749 4591 virita-

1638 4630 1748 4709 tioni-

164 4760 197 4847 t)
222 4759 303 4830 Tm·
322 4778 356 4842 4·
376 4754 434 4845 fii·
453 4773 529 4843 519·
654 4758 696 4844 ὓ)
718 4760 801 4832 Tm·
820 4772 872 4842 α8·
895 4760 954 4849 sos.
971 4784 1048 4851 με.
