3736 5160
183 190 252 274 aba
804 188 1223 282 ιοιῖςῦββέῃ

182 366 324 444 Christo
350 361 483 440 Abbati
512 360 720 439 Monallerii
748 364 786 438 in
813 362 941 442 Vineia
975 364 1121 443 Ordinis
1155 367 1280 446 Sanni
1307 368 1497 448 Benedisti
1523 368 1810 451 Constantiensra

183 482 387 570 Dioecesrs,
416 484 566 560 salutem
591 480 630 557 io
654 482 827 560 Domino.
1825 546 1828 555 .

280 717 451 795 Exhibita
485 739 601 815 nuper
633 718 738 795 nobis
772 744 836 820 pro
873 732 977 821 parte
1006 719 1139 797 nobilis
1169 717 1246 801 vtn·
1276 716 1415 819 erir
1439 724 1568 800 araim
1593 724 1629 798 se
1659 722 1815 798 Werden·

184 845 257 936 lez-g
282 839 397 916 didiae
417 836 616 922 Dioecesic,
641 838 828 934 petitionis
856 842 963 918 serien
987 839 1218 927 continebat,
1253 837 1355 936 qnod
1380 841 1521 919 dudum
1544 842 1596 918 sui
1624 842 1816 936 erogare·-

184 984 237 1039 res
260 963 390 1034 (ἰιιιιιιι
416 958 540 1031 Meris
566 954 670 1063 Sousia·
695 971 833 1036 certum
863 957 1085 1053 Collegium,
1125 957 1229 1052 cujus
1256 969 1298 1033 tu
1328 954 1511 1037 protestor
1539 962 1578 1039 dt
1609 959 1817 1036 conum

184 1092 245 1159 tor
267 1077 407 1167 exiliis,
430 1076 469 1152 in
497 1077 587 1154 Vara
610 1077 859 1153 Brirnrlrnnam
881 1077 998 1155 distre
1027 1074 1207 1181 Dioeoesrn
1229 1076 1446 1163 firndarunt,
1471 1090 1514 1157 ιι
1537 1077 1675 1157 ibidem
1697 1078 1818 1155 edent

187 1199 412 1298 Praepositus
436 1197 475 1273 dr
499 1206 574 1270 trec
595 1193 790 1284 Canonici,
826 1196 889 1293 qul
915 1195 1080 1296 quotidie
1102 1193 1261 1272 officium
1294 1194 1461 1273 diuinum
1494 1220 1580 1274 curn
1606 1220 1681 1275 vna
1707 1194 1817 1274 Misia

189 1322 228 1401 dr
258 1316 419 1415 vesperis
449 1314 701 1402 decantarent,
725 1329 836 1415 atque
862 1314 975 1392 etiam
999 1314 1093 1391 vltra
1120 1313 1212 1389 haec
1239 1315 1333 1389 duaa
1356 1312 1448 1388 aliar
1482 1314 1704 1392 minorue
1726 1338 1817 1393 can·

190 1452 233 1519 tu
257 1438 497 1521 celebrarent,
538 1456 622 1509 curn
653 1435 763 1510 certis
793 1436 874 1510 aliia
899 1432 1040 1512 statutis
1069 1434 1108 1510 δι
1136 1432 1442 1520 οιιιιιιιιιοιιιιιιι,
1479 1442 1521 1509 ιι
1544 1435 1593 1510 de
1612 1431 1818 1511 ‘matutinis

189 1558 335 1657 singulis
358 1554 457 1632 festis
480 1550 609 1629 diebus
637 1555 895 1640 decantandis,
935 1554 1075 1652 ipsaque
1103 1551 1214 1627 etiarn
1242 1550 1373 1626 statuta
1404 1550 1444 1627 bt
1466 1551 1719 1629 ordinationes
1745 1551 1818 1631 hu·'

189 1676 349 1779 jusmodi
375 1696 439 1771 per
467 1666 587 1747 sede'm
623 1672 865 1771 Apostolicam
900 1671 1050 1750 suerunt
1080 1670 1313 1754 confirmata,
1354 1668 1489 1770 ipsique
1519 1670 1750 1770 Praepofitus
1778 1672 1817 1751 dr

192 1794 371 1881 Canonici
399 1790 813 1890 ternporeadmisiionia
840 1793 922 1868 suae
950 1793 1162 1867 eorumdem
1193 1790 1311 1884 jurare
1336 1802 1524 1878 tenentur,
1560 1793 1659 1890 quod
1685 1791 1818 1889 hujus.

191 1917 293 1999 modi
331 1914 479 1989 Statura
509 1909 695 1986 obseruare
720 1910 866 1988 debent.
938 1910 1075 1989 Verum
1108 1909 1196 1987 sicut
1238 1912 1370 1986 eadem
1403 1906 1533 2005 petitio
1563 1906 1818 2008 subjungebat,

192 2034 395 2130 Collegium
432 2034 470 2109 oz
503 2029 583 2124 ejus
612 2029 839 2125 praebendae
870 2030 1081 2127 hujusmodi
1109 2030 1148 2105 in
1183 2030 1255 2106 suin
1280 2029 1483 2107 redditibus
1513 2031 1552 2108 dt
1576 2031 1818 2122 prouentibua

193 2159 230 2235 in
253 2166 397 2230 tantum
429 2148 509 2223 sunt
531 2144 704 2224 diminuti
726 2159 835 2246 atque
860 2152 1121 2238 decreuemnt,
1142 2150 1241 2247 quod
1264 2148 1328 2227 vix
1357 2167 1453 2226 vnua
1474 2146 1747 2226 Canonicornrn
1771 2174 1819 2226 ex

194 2274 363 2351 frutribus
396 2265 620 2363 praebendae
651 2266 734 2344 suae
764 2269 902 2346 ibidem
936 2269 1067 2363 viginti
1097 2276 1254 2366 quatuor
1282 2269 1440 2342 slorenoa
1464 2265 1647 2342 rhenanor
1671 2270 1818 2367 partici-

194 2408 275 2493 pat,
300 2404 407 2486 atque
432 2384 560 2466 habet,
599 2382 802 2481 &propter
829 2388 1031 2462 exilitatem
1061 2386 1347 2483 praebendarum
1376 2382 1589 2485 huiuamodi
1620 2386 1685 2463 vix
1713 2388 1819 2467 inne·

144 2564 152 2582 .
196 2513 266 2588 oiri
290 2507 384 2607 posse
405 2505 638 2598 Presbyteron
661 2503 724 2599 qui
747 2504 785 2577 in
811 2505 884 2603 ipso
905 2505 1055 2600 collegio
1076 2505 1190 2582 velint
1212 2505 1399 2582 deseruire.
1458 2506 1592 2594 Quare
1594 2527 1682 2611 pro
1712 2524 1818 2608 parte

195 2630 280 2709 disti
306 2624 464 2699 Comitis
486 2621 590 2698 nobis
613 2619 684 2719 fnit
704 2620 889 2701 humiliter
910 2624 1163 2724 supplicatum.
1196 2635 1237 2767 ιι
1260 2623 1410 2723 super'‘
1385 2646 1432 2743 ιιι
1458 2626 1505 2703 de
1530 2624 1670 2785 optimo
1697 2652 1818 2707 reme·

195 2751 258 2827 dio
281 2744 471 2845 prouidere
494 2741 734 2835 dignaremur.
793 2776 797 2783 ·
847 2792 850 2799 -

293 2983 378 3060 Nor·
406 2979 516 3075 igitur
542 2978 607 3073 hu]
598 2975 753 3053 osmodi
780 2978 1109 3077 supplicationibus
1148 2940 1330 3065 inclinati,
1362 2977 1411 3055 de
1451 2979 1647 3076 praemissis
1689 2984 1819 3063 tamen

196 3114 330 3182 certam
366 3098 533 3173 notitiam
568 3121 641 3170 non
677 3097 872 3187 habentes,
912 3098 1214 3197 circumspettioni
1247 3111 1333 3174 tuae
1366 3098 1592 3176 Austoritate
1622 3100 1818 3196 tegeticula

198 3222 336 3297 nostrae
357 3241 419 3315 per
444 3218 535 3290 haec
555 3214 682 3309 scripta
704 3217 987 3304 committimus,
1012 3231 1052 3294 ιι
1077 3231 1115 3293 te
1144 3219 1192 3293 de
1219 3216 1370 3293 statu&
1397 3217 1607 3294 conditione
1636 3216 1728 3298 disti
1748 3222 1814 3298 col-

199 3342 279 3437 legii
315 3342 351 3418 dr
387 3336 466 3411 aliis
499 3334 692 3431 praemissu
726 3332 895 3411 omnib'tur
927 3338 964 3416 br
994 3334 1018 3412 s
1020 3336 1139 3433 ogults
1170 3336 1362 3431 diligenter
1388 3335 1588 3427 informes,
1628 3343 1668 3419 ιιι
1701 3340 1729 3417 ιι
1759 3364 1819 3441 pet

198 3456 523 3536 conformationem
562 3452 793 3546 hujusmodi
802 3474 847 3529 ea
880 3478 964 3531 rern
997 3454 1065 3530 esse
1087 3457 1278 3553 repereris,
1326 3454 1428 3553 super
1450 3455 1580 3554 quibus
1602 3470 1709 3538 tuam
1735 3484 1828 3539 con·

198 3576 384 3654 scientiam
420 3593 633 3654 oneramus,
688 3570 821 3647 statuta
856 3572 1174 3650 &ordinationes
1207 3571 1438 3670 hnjtrsmodi,
1487 3586 1595 3673 prout
1620 3578 1826 3661 secundum

199 3696 317 3774 Deum
352 3690 524 3791 expedire
554 3686 705 3775 videris,
750 3691 900 3769 attentes
930 3684 1054 3791 atquo
1084 3714 1192 3769 curer
1220 3694 1410 3770 moderare
1445 3696 1656 3773 austeritate
1687 3700 1827 3783 inolita

198 3815 317 3917 praeta
297 3826 375 3897 ιι,
415 3806 729 3887 constitutionibus
766 3810 807 3887 dr
836 3800 1179 3889 ordinationibus
1167 3834 1206 3889 ιιι
1241 3812 1462 3889 mutantium
1489 3811 1709 3965 facientibus
1744 3844 1827 3901 non

197 3935 417 4015 obstantibus
441 3929 769 4029 quibuscumque·

250 4168 427 4243 Datum
458 4163 673 4258 Moguotiae
708 4163 771 4240 sub
797 4162 917 4242 nostro
950 4166 973 4241 s
975 4166 1061 4262 griso
1093 4168 1156 4245 die
1191 4167 1318 4242 Lunae
1357 4162 1525 4244 vicesima
1553 4134 1653 4256 nona
1684 4172 1828 4257 mensu

198 4286 433 4369 Nouembris,
465 4285 577 4360 Anno
603 4305 625 4354 ι
651 4281 853 4359 Natiuitate
876 4285 1025 4364 Domini
1048 4286 1237 4364 Millesrmo
1262 4286 1613 4385 quadringentesimo
1642 4294 1828 4397 quinqua·

197 4407 329 4505 gesimo
355 4402 482 4503 primo
552 4399 790 4476 Pontificatos
821 4394 1077 4481 Sansiiffimi
1066 4429 1103 4479 ιιι
1138 4404 1280 4481 Christo
1309 4404 1428 4478 Patria
1457 4404 1497 4483 dt
1528 4406 1680 4491 Domini
1710 4416 1827 4495 noslri

197 4523 347 4605 Domini
372 4518 531 4607 Nicolai.
554 4517 684 4599 diuina
704 4520 936 4620 prouidentia
961 4528 1077 4626 Papae
1101 4523 1230 4612 Quinti
1247 4523 1364 4603 nono
1386 4526 1527 4625 quinto.

1706 4648 1823 4733 Anna
