3736 5160
167 227 215 285 22
446 228 452 237 ·
567 254 570 265 .
769 192 1123 289 ew<
1163 216 1188 274 e

168 371 363 463 Altorseofi
384 328 482 450 'villa
505 392 574 446 oron
601 328 892 451 Sammonion.
943 376 1076 471 -Posten‘
1107 399 1191 451 vero
1215 384 1449 454 mutauerant
1472 380 1562 464 hoc,
1595 384 1798 462 transtule-

24 483 34 519 ‘
165 512 253 584 runt
275 498 375 573 enim
396 489 679 568 sanitir'noniales
701 492 737 566 in
760 494 1002 578 coenobium,
1034 497 1132 593 quod
1156 510 1305 575 vocatur
1321 499 1572 595 Altenmrsler,
1607 504 1645 580 dr
1663 506 1797 582 Mona.

11 698 14 707 .
165 625 277 706 chos,
299 616 362 716 qui
384 612 434 690 ibi
454 611 784 700 commorabantur,
815 615 1045 690 deduxerunt
1065 616 1110 707 in
1125 616 1361 714 supradittum
1383 616 1505 695 locum
1527 620 1799 719 praecipientes

81 788 84 793 ,
164 745 239 828 eis,
263 752 304 818 vt
324 733 523 830 regularem
541 731 654 806 vitam
679 729 730 806 ibi
749 734 993 823 obseruarent,
1016 738 1115 833 quod
1137 736 1271 817 sadum
1287 735 1337 812 est
1352 739 1493 814 tamdiu
1511 739 1610 814 enim
1631 748 1676 816 ibi
1690 764 1796 818 com·

166 860 419 945 morabantur,
443 852 542 950 quod
561 862 636 924 tres
656 849 816 926 Abbates
836 856 887 928 sla·v
903 877 996 930 nnus
1024 854 1101 952 post
1124 879 1238 933 vnum
1262 856 1300 929 in
1324 855 1451 931 ordine
1470 880 1514 932 ac
1537 870 1699 956 tempore
1727 862 1794 938 suo

164 972 299 1084 &frudi
321 977 413 1052 sunt
463 970 538 1069 lpsa
557 969 670 1045 etiam
694 971 793 1044 Bona
820 994 905 1049 cum
929 973 1020 1047 Pilio
1042 977 1102 1048 suo
1130 974 1283 1068 Roudolfo
1308 975 1360 1049 ibi
1383 976 1536 1073 sepulta,
1569 977 1630 1053 sed
1650 991 1793 1059 rosnat

29 1090 32 1097 ·
166 1125 242 1183 m
264 1112 485 1174 mmm,
512 1112 578 1164 m
601 1088 663 1184 ὕ),
686 1089 807 1188 postea
826 1115 912 1169 vero
933 1117 982 1166 ex
1007 1114 1133 1167 eorum
1161 1093 1338 1188 Progenie
1367 1095 1518 1193 quidam
1549 1097 1793 1195 Princeps&

164 1244 244 1300 nrx
266 1216 368 1311 Wdfo
385 1211 448 1309 eo)
476 1208 627 1286 nomine
656 1230 741 1285 cum
768 1211 888 1287 onre
912 1212 973 1286 sua
1005 1214 1211 1300 lrrnirnmd,
1243 1238 1352 1309 quam
1381 1217 1535 1291 duxerat
1566 1220 1602 1292 dr
1628 1219 1793 1294 Gitalrercb

164 1336 429 1419 transtulerunt
448 1331 560 1428 ipsam
578 1328 771 1405 Abbatianr
792 1349 872 1401 nvc
897 1352 1010 1403 svran
1034 1353 1217 1418 uonaan,
1234 1332 1317 1426 aaa)
1348 1334 1409 1410 vbi
1433 1360 1530 1412 nunc
1545 1335 1790 1415 consistimus:

162 1463 203 1541 dr
223 1459 323 1536 hunc
348 1454 470 1529 locum
495 1463 576 1527 tam
602 1446 676 1544 lpse
695 1470 805 1544 quarn
835 1447 968 1524 Posteri
992 1448 1043 1523 sui
1074 1450 1253 1545 praediis,
1295 1454 1507 1554 Mancipiis‚
1549 1479 1591 1532 ac
1622 1455 1790 1534 Decimis

163 1578 390 1661 abundanter
409 1571 628 1647 ditauerunt.
683 1565 825 1664 Insuper
844 1591 973 1645 omnes
994 1568 1180 1667 Principes
1206 1571 1314 1648 nostri
1339 1576 1376 1651 dr
1393 1573 1515 1661 Duces
1539 1578 1578 1654 dr
1600 1575 1790 1654 Aduocati

60 1764 63 1771 .
123 1728 127 1743 ²
163 1703 286 1780 locum
303 1694 410 1771 istum
429 1689 483 1766 ita
502 1686 657 1787 perfetta
671 1683 837 1763 libertate
863 1691 974 1785 perse
995 1687 1089 1789 ipsos
1104 1711 1189 1765 cum
1201 1690 1417 1786 Apostolicis
1439 1717 1483 1770 ac
1506 1694 1787 1791 Imperatoribus

161 1819 489 1898 confirmauerunt,
503 1806 601 1904 quod
619 1803 710 1881 nulli
725 1805 918 1883 hominum
934 1805 1019 1883 licet
1039 1809 1135 1884 hanc
1149 1807 1343 1905 insringere
1363 1811 1585 1899 libertatem,
1606 1816 1642 1890 in
1660 1818 1787 1892 bissex·

162 1940 219 2018 tili
242 1959 358 2023 mino,
382 1927 529 2030 quando
544 1924 717 2002 circuitus
730 1924 948 2024 Episcopalis
976 1927 1119 2013 euenit,
1139 1928 1279 2006 nullum
1298 1929 1360 2027 jus
1375 1931 1570 2031 Episcopus
1586 1934 1647 2009 hic
1662 1957 1730 2010 noc
1746 1936 1785 2011 in

162 2056 323 2138 inferiori
341 2047 498 2129 Ecclesia
516 2044 645 2134 habet,
671 2043 828 2122 accessus
851 2047 951 2123 enim
972 2047 1062 2144 Eius
1082 2048 1120 2124 in
1143 2049 1205 2125 illo
1228 2073 1325 2127 anno
1346 2051 1504 2151 pertinet
1525 2053 1573 2129 ad
1587 2053 1785 2131 Ecclefiam

162 2181 293 2273 Bfflge.
328 2213 377 2232 -
409 2211 459 2230 -
491 2207 541 2225 -
589 2163 795 2242 Decimatio
819 2189 922 2250 vero.
961 2168 1118 2265 quaein
1142 2168 1453 2268 ipfiusEoclesiae
1476 2173 1630 2266 circuitu
1656 2174 1785 2272 persol-

162 2299 277 2385 vitur,
299 2308 418 2393 neque
435 2284 608 2386 adipsam
621 2280 839 2369 Ecclesiam,
861 2307 980 2383 neque
995 2287 1042 2360 ad
1055 2287 1270 2384 Episcopum
1284 2291 1458 2386 pectinem
1483 2292 1669 2384 Principes
1682 2291 1783 2362 enim

163 2423 203 2501 dt
223 2416 346 2492 Duces
364 2415 404 2492 oz
423 2405 610 2487 Aduocatl
629 2401 758 2490 nostri,
790 2401 853 2500 qui
879 2402 990 2497 ipsam
1015 2403 1306 2483 Decimationem
1331 2406 1531 2504 antiquitus
1562 2404 1782 2479 hereditario

138 2539 241 2638 ,jure
259 2533 508 2635 possederunt,
530 2549 595 2624 pro
615 2521 805 2597 animabus
825 2520 898 2596 suis
915 2521 953 2596 E
970 2521 1130 2596 Martino
1147 2523 1400 2625 perpetualiter
1418 2524 1465 2598 ad
1484 2522 1680 2598 Annonam
1697 2521 1781 2596 Fra·

97 2700 119 2723 ··
160 2672 261 2737 trum
285 2650 521 2732 tradiderunt.
573 2641 696 2740 Siquis
712 2640 820 2718 verbo
845 2640 903 2719 vel
923 2640 1015 2717 faao
1037 2640 1166 2717 callide
1188 2640 1373 2718 consilium
1394 2641 1451 2718 vel
1475 2641 1646 2716 maliuole
1670 2644 1781 2715 dede·

160 2779 209 2859 rit
230 2785 357 2854 contra
378 2768 500 2845 locum
523 2763 650 2849 istum,
686 2759 745 2837 vel
766 2759 863 2835 male
883 2760 1109 2843 trattauerit,
1153 2759 1293 2839 nullum
1320 2759 1543 2837 consorcium
1572 2783 1691 2858 neque
1719 2758 1781 2838 hic

157 2921 229 2978 nec
249 2896 289 2973 iu
309 2892 433 2971 saturo
448 2908 537 2962 cum
555 2880 742 2959 fidelibus
761 2876 926 2965 habebit,
949 2878 1123 2956 melenus
1145 2879 1216 2955 ille.
1346 2928 1353 2935 -

159 3150 165 3161 ’
258 3154 293 3234 7.
316 3130 469 3230 lpsemet
488 3122 667 3220 Georgius
689 3120 814 3201 Abbas
831 3118 927 3194 hauc
946 3117 1032 3195 huic
1047 3116 1174 3217 scripto
1196 3117 1334 3217 subjicit
1352 3117 1486 3197 Crisia:
1512 3142 1612 3212 „non
1631 3141 1780 3197 concor-

160 3261 226 3340 dat
243 3256 340 3332 haec
368 3248 539 3345 scriptura
564 3267 650 3319 cum
670 3241 788 3318 nostro
807 3239 996 3325 chronico,
1028 3237 1089 3315 vbi
1110 3264 1169 3313 non
1188 3243 1239 3342 istc
1260 3238 1389 3334 Gnoso,
1425 3237 1530 3336 cujus
1551 3238 1611 3313 hic
1639 3243 1779 3316 mentio

159 3381 221 3465 fit,
244 3376 305 3453 sed
332 3371 431 3448 ram
460 3367 560 3461 Erus,
591 3360 765 3439 nimirum
792 3360 987 3455 Goelfosss
1018 3359 1100 3434 Dur
1123 3362 1296 3435 manliae
1328 3373 1494 3435 narratur
1519 3358 1780 3437 Monasterium

159 3524 208 3577 ex
228 3492 354 3574 Altors
363 3489 458 3588 super
479 3485 619 3559 Manen
631 3477 868 3565 transtulisse,
892 3474 1118 3554 consentiunt
1138 3500 1224 3555 cum
1240 3478 1424 3553 Chronico
1438 3476 1564 3552 literae
1579 3467 1780 3554 Fundatio-

159 3620 219 3697 nis
241 3617 349 3692 datae
377 3627 480 3697 1090·
555 3600 667 3695 Guelfo
691 3622 797 3685 vero,
836 3599 938 3694 cujus
965 3599 1004 3675 in
1027 3597 1096 3674 hac
1118 3595 1288 3694 scriptura
1314 3596 1357 3673 fit
1383 3597 1522 3672 mentio
1548 3619 1633 3672 cum
1655 3597 1779 3677 onre

141 3740 220 3817 'sua
241 3728 486 3812 lmentrude,
519 3742 612 3819 quae
633 3719 722 3794 alias
742 3718 854 3794 [miza
874 3741 1018 3816 quoque
1047 3720 1085 3794 dr
1109 3715 1340 3811 Irmengarda
1364 3715 1543 3813 adpellata
1575 3715 1778 3805 inuenitur,

159 3852 362 3937 Monachor
383 3869 431 3922 ex
451 3837 724 3917 Altenmunster
742 3837 781 3913 in
807 3836 982 3922 Altdorff,
1014 3838 1053 3915 dr
1074 3834 1217 3912 vicissim
1241 3833 1502 3912 Altdorisenses
1530 3836 1779 3913 santllmonia·

133 3982 213 4059 'les
231 3975 270 4052 in
297 3961 522 4049 Altiuunsler
541 3956 748 4041 transtulit,
775 3957 829 4033 ita
845 3955 956 4034 habet
973 3955 1133 4033 nostrum
1153 3954 1381 4039 chronicon,
1406 3957 1505 4054 quod
1534 3966 1574 4034 vt
1602 3973 1671 4031 orae
1696 3957 1778 4033 Ma-

11 4092 16 4101 '
1644 4079 1779 4155 uuscri·

198 4242 234 4327 ο)
255 4236 335 4305 Mox
353 4226 514 4297 uidebimur
531 4223 571 4295 Es
588 4221 633 4290 scir
642 4220 756 4310 falsum
774 4218 826 4311 effe
844 4217 1066 4289 amalarium.

194 4376 244 4449 θ)
268 4361 352 4448 Μ
361 4363 489 4429 moritur
505 4353 702 4421 [murman
717 4354 830 4421 caina
843 4372 901 4416 non
918 4350 993 4417 Dux
1002 4345 1085 4434 filit.
1106 4345 1187 4414 filius
1205 4364 1306 4410 eorum
1325 4343 1557 4412 carentanorum
1574 4344 1654 4413 Dux
1671 4346 1777 4433 suffia

239 4478 277 4568 est
294 4470 387 4538 Anno
407 4486 500 4549 1047.
521 4485 560 4529 rx
573 4463 682 4542 Herm,
705 4461 803 4527 Contr.
827 4459 869 4527 ad
882 4457 913 4524 lt.
931 4476 962 4522 a.

198 4608 268 4701 μὶ
288 4599 491 4669 lfmentmdig
502 4593 570 4680 jam
583 4591 701 4681 μω»
718 4590 977 4680 Almonofloriunr
1003 4578 1184 4670 abscesserat,
1213 4579 1275 4666 dan
1299 4600 1369 4646 uero
1388 4581 1514 4645 murino
1538 4579 1688 4669 deceffnat
1707 4585 1776 4672 juno

238 4721 305 4783 ante
324 4703 431 4775 Annos
447 4716 498 4784 25.
599 4732 603 4739 ·
703 4770 708 4778 ,
1072 4707 1080 4721 “
