<?xml version="1.0" encoding="UTF-8"?>
<!DOCTYPE html PUBLIC "-//W3C//DTD XHTML 1.0 Transitional//EN"
    "http://www.w3.org/TR/xhtml1/DTD/xhtml1-transitional.dtd">
<html xmlns="http://www.w3.org/1999/xhtml" xml:lang="en" lang="en">
 <head>
  <title>
</title>
<meta http-equiv="Content-Type" content="text/html;charset=utf-8" />
  <meta name='ocr-system' content='tesseract 3.04.00' />
  <meta name='ocr-capabilities' content='ocr_page ocr_carea ocr_par ocr_line ocrx_word'/>
</head>
<body>
  <div class='ocr_page' id='page_1' title='image "./prodromusmonume01hessgoog_0204.png"; bbox 0 0 3736 5160; ppageno 0'>
   <div class='ocr_carea' id='block_1_1' title="bbox 80 258 1680 541">
    <p class='ocr_par' dir='ltr' id='par_1_1' title="bbox 80 258 1680 541">
     <span class='ocr_line' id='line_1_1' title="bbox 651 258 1679 369; baseline 0 -20"><span class='ocrx_word' id='word_1_1' title='bbox 651 258 1075 369; x_wconf 51' lang='lat' dir='ltr'>*most</span> <span class='ocrx_word' id='word_1_2' title='bbox 1353 266 1358 271; x_wconf 84' lang='grc'><em>·</em></span> <span class='ocrx_word' id='word_1_3' title='bbox 1608 266 1679 349; x_wconf 78' lang='lat' dir='ltr'>tus</span> 
     </span>
     <span class='ocr_line' id='line_1_2' title="bbox 80 416 1680 541; baseline -0.007 -21"><span class='ocrx_word' id='word_1_4' title='bbox 80 443 189 532; x_wconf 73' lang='lat' dir='ltr'>meat,</span> <span class='ocrx_word' id='word_1_5' title='bbox 220 462 330 541; x_wconf 87' lang='lat' dir='ltr'>quarn</span> <span class='ocrx_word' id='word_1_6' title='bbox 355 437 467 516; x_wconf 89' lang='lat' dir='ltr'>etiam</span> <span class='ocrx_word' id='word_1_7' title='bbox 493 437 559 515; x_wconf 92' lang='lat' dir='ltr'>tibi</span> <span class='ocrx_word' id='word_1_8' title='bbox 584 458 648 531; x_wconf 93' lang='lat' dir='ltr'>pro</span> <span class='ocrx_word' id='word_1_9' title='bbox 674 416 919 535; x_wconf 82' lang='lat' dir='ltr'>supportandis</span> <span class='ocrx_word' id='word_1_10' title='bbox 942 434 1133 522; x_wconf 81' lang='lat' dir='ltr'>oneribus.</span> <span class='ocrx_word' id='word_1_11' title='bbox 1165 429 1231 508; x_wconf 90' lang='lat' dir='ltr'>tibi</span> <span class='ocrx_word' id='word_1_12' title='bbox 1257 433 1304 509; x_wconf 92' lang='lat' dir='ltr'>de</span> <span class='ocrx_word' id='word_1_13' title='bbox 1329 429 1535 509; x_wconf 76' lang='lat' dir='ltr'>necestitate</span> <span class='ocrx_word' id='word_1_14' title='bbox 1558 432 1680 531; x_wconf 89' lang='lat' dir='ltr'>quoti·</span> 
     </span>
    </p>
   </div>
   <div class='ocr_carea' id='block_1_2' title="bbox 11 553 1788 1019">
    <p class='ocr_par' dir='ltr' id='par_1_2' title="bbox 11 553 1788 1019">
     <span class='ocr_line' id='line_1_3' title="bbox 75 553 1679 653; baseline -0.006 -12"><span class='ocrx_word' id='word_1_15' title='bbox 75 564 120 641; x_wconf 85' lang='lat' dir='ltr'>die</span> <span class='ocrx_word' id='word_1_16' title='bbox 138 561 392 639; x_wconf 84' lang='lat' dir='ltr'>occurentibus</span> <span class='ocrx_word' id='word_1_17' title='bbox 422 560 471 635; x_wconf 91' lang='lat' dir='ltr'>de</span> <span class='ocrx_word' id='word_1_18' title='bbox 502 557 654 652; x_wconf 85' lang='lat' dir='ltr'>alicujus</span> <span class='ocrx_word' id='word_1_19' title='bbox 677 556 923 634; x_wconf 87' lang='lat' dir='ltr'>subuentionis</span> <span class='ocrx_word' id='word_1_20' title='bbox 957 556 1093 631; x_wconf 80' lang='lat' dir='ltr'>auxilio</span> <span class='ocrx_word' id='word_1_21' title='bbox 1118 553 1309 653; x_wconf 89' lang='lat' dir='ltr'>prouidere</span> <span class='ocrx_word' id='word_1_22' title='bbox 1345 553 1529 641; x_wconf 87' lang='lat' dir='ltr'>volentes,</span> <span class='ocrx_word' id='word_1_23' title='bbox 1574 565 1679 631; x_wconf 85' lang='lat' dir='ltr'>motu</span> 
     </span>
     <span class='ocr_line' id='line_1_4' title="bbox 73 672 1788 783; baseline -0.006 -23"><span class='ocrx_word' id='word_1_24' title='bbox 73 682 215 783; x_wconf 84' lang='lat' dir='ltr'>proprio,</span> <span class='ocrx_word' id='word_1_25' title='bbox 255 705 331 755; x_wconf 94' lang='lat' dir='ltr'>non</span> <span class='ocrx_word' id='word_1_26' title='bbox 357 677 502 765; x_wconf 84' lang='lat' dir='ltr'>adrui,</span> <span class='ocrx_word' id='word_1_27' title='bbox 542 677 599 754; x_wconf 94' lang='lat' dir='ltr'>vel</span> <span class='ocrx_word' id='word_1_28' title='bbox 624 676 772 753; x_wconf 78' lang='lat' dir='ltr'>alterius</span> <span class='ocrx_word' id='word_1_29' title='bbox 805 689 932 775; x_wconf 90' lang='lat' dir='ltr'>prote</span> <span class='ocrx_word' id='word_1_30' title='bbox 959 676 1189 771; x_wconf 90' lang='lat' dir='ltr'>nobissuper</span> <span class='ocrx_word' id='word_1_31' title='bbox 1222 673 1293 749; x_wconf 91' lang='lat' dir='ltr'>hoc</span> <span class='ocrx_word' id='word_1_32' title='bbox 1325 672 1466 749; x_wconf 90' lang='lat' dir='ltr'>oblatae</span> <span class='ocrx_word' id='word_1_33' title='bbox 1491 673 1679 770; x_wconf 71' lang='lat' dir='ltr'>petitionis</span> <span class='ocrx_word' id='word_1_34' title='bbox 1784 724 1788 731; x_wconf 77' lang='lat'><em>,</em></span> 
     </span>
     <span class='ocr_line' id='line_1_5' title="bbox 11 793 1680 892; baseline -0.005 -14"><span class='ocrx_word' id='word_1_35' title='bbox 11 796 15 851; x_wconf 83' lang='lat'><strong>¹</strong></span> <span class='ocrx_word' id='word_1_36' title='bbox 71 802 278 888; x_wconf 84' lang='lat' dir='ltr'>instantiam,</span> <span class='ocrx_word' id='word_1_37' title='bbox 316 802 377 878; x_wconf 88' lang='lat' dir='ltr'>sed</span> <span class='ocrx_word' id='word_1_38' title='bbox 402 802 449 876; x_wconf 85' lang='lat' dir='ltr'>de</span> <span class='ocrx_word' id='word_1_39' title='bbox 472 798 591 872; x_wconf 83' lang='lat' dir='ltr'>nostra</span> <span class='ocrx_word' id='word_1_40' title='bbox 615 821 715 873; x_wconf 88' lang='lat' dir='ltr'>mera</span> <span class='ocrx_word' id='word_1_41' title='bbox 740 797 973 882; x_wconf 86' lang='lat' dir='ltr'>liberalitate,</span> <span class='ocrx_word' id='word_1_42' title='bbox 1014 800 1176 876; x_wconf 83' lang='lat' dir='ltr'>&amp;certa</span> <span class='ocrx_word' id='word_1_43' title='bbox 1203 793 1367 875; x_wconf 85' lang='lat' dir='ltr'>scientia,</span> <span class='ocrx_word' id='word_1_44' title='bbox 1393 793 1503 870; x_wconf 85' lang='lat' dir='ltr'>&amp;de</span> <span class='ocrx_word' id='word_1_45' title='bbox 1528 793 1680 892; x_wconf 84' lang='lat' dir='ltr'>Aposto-</span> 
     </span>
     <span class='ocr_line' id='line_1_6' title="bbox 11 860 1681 1019; baseline -0.003 -23"><span class='ocrx_word' id='word_1_46' title='bbox 11 860 16 941; x_wconf 61' lang='grc' dir='ltr'>Ι</span> <span class='ocrx_word' id='word_1_47' title='bbox 69 920 143 998; x_wconf 83' lang='lat' dir='ltr'>licre</span> <span class='ocrx_word' id='word_1_48' title='bbox 168 919 356 1019; x_wconf 82' lang='lat' dir='ltr'>potestatis</span> <span class='ocrx_word' id='word_1_49' title='bbox 379 918 624 1018; x_wconf 85' lang='lat' dir='ltr'>plenitudine,</span> <span class='ocrx_word' id='word_1_50' title='bbox 675 918 931 994; x_wconf 86' lang='lat' dir='ltr'>lVlonasterium</span> <span class='ocrx_word' id='word_1_51' title='bbox 956 918 1180 1014; x_wconf 77' lang='lat' dir='ltr'>praedidtnm</span> <span class='ocrx_word' id='word_1_52' title='bbox 1212 915 1463 1013; x_wconf 70' lang='lat' dir='ltr'>cuiuscunque</span> <span class='ocrx_word' id='word_1_53' title='bbox 1487 912 1600 990; x_wconf 88' lang='lat' dir='ltr'>etiam</span> <span class='ocrx_word' id='word_1_54' title='bbox 1624 928 1681 991; x_wconf 86' lang='lat' dir='ltr'>ta·</span> 
     </span>
    </p>
   </div>
   <div class='ocr_carea' id='block_1_3' title="bbox 70 1028 1807 1134">
    <p class='ocr_par' dir='ltr' id='par_1_3' title="bbox 70 1028 1807 1134">
     <span class='ocr_line' id='line_1_7' title="bbox 70 1028 1807 1134; baseline -0.007 -17"><span class='ocrx_word' id='word_1_55' title='bbox 70 1064 123 1117; x_wconf 81' lang='lat' dir='ltr'>rae</span> <span class='ocrx_word' id='word_1_56' title='bbox 145 1041 206 1116; x_wconf 85' lang='lat' dir='ltr'>seu</span> <span class='ocrx_word' id='word_1_57' title='bbox 232 1038 345 1116; x_wconf 90' lang='lat' dir='ltr'>annui</span> <span class='ocrx_word' id='word_1_58' title='bbox 370 1039 501 1118; x_wconf 82' lang='lat' dir='ltr'>valoris</span> <span class='ocrx_word' id='word_1_59' title='bbox 526 1037 623 1112; x_wconf 85' lang='lat' dir='ltr'>illius</span> <span class='ocrx_word' id='word_1_60' title='bbox 648 1036 802 1121; x_wconf 74' lang='lat' dir='ltr'>frustm,</span> <span class='ocrx_word' id='word_1_61' title='bbox 846 1035 1014 1111; x_wconf 88' lang='lat' dir='ltr'>redditus</span> <span class='ocrx_word' id='word_1_62' title='bbox 1040 1039 1077 1115; x_wconf 84' lang='lat' dir='ltr'>dr</span> <span class='ocrx_word' id='word_1_63' title='bbox 1100 1028 1327 1134; x_wconf 85' lang='lat' dir='ltr'>prouentus,</span> <span class='ocrx_word' id='word_1_64' title='bbox 1359 1054 1451 1132; x_wconf 90' lang='lat' dir='ltr'>quos</span> <span class='ocrx_word' id='word_1_65' title='bbox 1476 1031 1567 1108; x_wconf 86' lang='lat' dir='ltr'>acsr</span> <span class='ocrx_word' id='word_1_66' title='bbox 1595 1058 1682 1112; x_wconf 86' lang='lat' dir='ltr'>vere</span> <span class='ocrx_word' id='word_1_67' title='bbox 1804 1100 1807 1105; x_wconf 86' lang='grc'><strong><em>,</em></strong></span> 
     </span>
    </p>
   </div>
   <div class='ocr_carea' id='block_1_4' title="bbox 11 1143 1767 3049">
    <p class='ocr_par' dir='ltr' id='par_1_4' title="bbox 11 1143 1767 3049">
     <span class='ocr_line' id='line_1_8' title="bbox 68 1143 1682 1259; baseline -0.002 -24"><span class='ocrx_word' id='word_1_68' title='bbox 68 1182 100 1235; x_wconf 83' lang='lat' dir='ltr'>tc</span> <span class='ocrx_word' id='word_1_69' title='bbox 118 1159 281 1259; x_wconf 82' lang='lat' dir='ltr'>specifice</span> <span class='ocrx_word' id='word_1_70' title='bbox 305 1158 609 1257; x_wconf 81' lang='lat' dir='ltr'>exprimerentur,</span> <span class='ocrx_word' id='word_1_71' title='bbox 643 1143 888 1256; x_wconf 78' lang='lat' dir='ltr'>praesentibus</span> <span class='ocrx_word' id='word_1_72' title='bbox 911 1179 975 1252; x_wconf 92' lang='lat' dir='ltr'>pro</span> <span class='ocrx_word' id='word_1_73' title='bbox 999 1155 1166 1254; x_wconf 84' lang='lat' dir='ltr'>expreffis</span> <span class='ocrx_word' id='word_1_74' title='bbox 1189 1154 1384 1239; x_wconf 87' lang='lat' dir='ltr'>habentes,</span> <span class='ocrx_word' id='word_1_75' title='bbox 1413 1151 1583 1240; x_wconf 85' lang='lat' dir='ltr'>exiliant,</span> <span class='ocrx_word' id='word_1_76' title='bbox 1608 1154 1682 1231; x_wconf 81' lang='lat' dir='ltr'>siue</span> 
     </span>
     <span class='ocr_line' id='line_1_9' title="bbox 67 1271 1682 1379; baseline -0.004 -22"><span class='ocrx_word' id='word_1_77' title='bbox 67 1278 378 1379; x_wconf 83' lang='lat' dir='ltr'>ttpraemittitur‚</span> <span class='ocrx_word' id='word_1_78' title='bbox 428 1273 501 1353; x_wconf 81' lang='lat' dir='ltr'>siue</span> <span class='ocrx_word' id='word_1_79' title='bbox 528 1276 599 1353; x_wconf 90' lang='lat' dir='ltr'>allo</span> <span class='ocrx_word' id='word_1_80' title='bbox 624 1277 757 1375; x_wconf 87' lang='lat' dir='ltr'>quouis</span> <span class='ocrx_word' id='word_1_81' title='bbox 791 1277 924 1360; x_wconf 87' lang='lat' dir='ltr'>modo,</span> <span class='ocrx_word' id='word_1_82' title='bbox 976 1286 1040 1351; x_wconf 90' lang='lat' dir='ltr'>aut</span> <span class='ocrx_word' id='word_1_83' title='bbox 1070 1275 1218 1353; x_wconf 83' lang='lat' dir='ltr'>alterius</span> <span class='ocrx_word' id='word_1_84' title='bbox 1252 1271 1501 1371; x_wconf 85' lang='lat' dir='ltr'>cujuscunque</span> <span class='ocrx_word' id='word_1_85' title='bbox 1533 1273 1682 1370; x_wconf 89' lang='lat' dir='ltr'>persona</span> 
     </span>
     <span class='ocr_line' id='line_1_10' title="bbox 64 1393 1683 1494; baseline -0.002 -18"><span class='ocrx_word' id='word_1_86' title='bbox 64 1410 177 1485; x_wconf 81' lang='lat' dir='ltr'>ruet,</span> <span class='ocrx_word' id='word_1_87' title='bbox 216 1396 357 1474; x_wconf 60' lang='lat' dir='ltr'>marni]</span> <span class='ocrx_word' id='word_1_88' title='bbox 382 1399 465 1494; x_wconf 86' lang='lat' dir='ltr'>ejus</span> <span class='ocrx_word' id='word_1_89' title='bbox 494 1396 648 1494; x_wconf 80' lang='lat' dir='ltr'>prouifio</span> <span class='ocrx_word' id='word_1_90' title='bbox 675 1420 723 1470; x_wconf 83' lang='lat' dir='ltr'>ex</span> <span class='ocrx_word' id='word_1_91' title='bbox 750 1394 882 1493; x_wconf 90' lang='lat' dir='ltr'>qoauis</span> <span class='ocrx_word' id='word_1_92' title='bbox 908 1396 1014 1471; x_wconf 84' lang='lat' dir='ltr'>causa</span> <span class='ocrx_word' id='word_1_93' title='bbox 1038 1397 1226 1473; x_wconf 86' lang='lat' dir='ltr'>adsedem</span> <span class='ocrx_word' id='word_1_94' title='bbox 1260 1393 1513 1493; x_wconf 83' lang='lat' dir='ltr'>Apostolicam,</span> <span class='ocrx_word' id='word_1_95' title='bbox 1531 1415 1683 1488; x_wconf 81' lang='lat' dir='ltr'>genera·</span> 
     </span>
     <span class='ocr_line' id='line_1_11' title="bbox 11 1513 1682 1618; baseline 0 -25"><span class='ocrx_word' id='word_1_96' title='bbox 11 1570 13 1593; x_wconf 67' lang='lat'>÷</span> <span class='ocrx_word' id='word_1_97' title='bbox 63 1516 131 1597; x_wconf 86' lang='lat' dir='ltr'>liter</span> <span class='ocrx_word' id='word_1_98' title='bbox 154 1518 354 1618; x_wconf 84' lang='lat' dir='ltr'>pertineat.</span> <span class='ocrx_word' id='word_1_99' title='bbox 394 1539 481 1592; x_wconf 90' lang='lat' dir='ltr'>cum</span> <span class='ocrx_word' id='word_1_100' title='bbox 513 1514 683 1591; x_wconf 85' lang='lat' dir='ltr'>omnibus</span> <span class='ocrx_word' id='word_1_101' title='bbox 706 1517 843 1611; x_wconf 83' lang='lat' dir='ltr'>junbus</span> <span class='ocrx_word' id='word_1_102' title='bbox 877 1519 917 1595; x_wconf 81' lang='lat' dir='ltr'>dt</span> <span class='ocrx_word' id='word_1_103' title='bbox 940 1514 1169 1612; x_wconf 80' lang='lat' dir='ltr'>pertinentiis</span> <span class='ocrx_word' id='word_1_104' title='bbox 1196 1516 1286 1600; x_wconf 86' lang='lat' dir='ltr'>suis,</span> <span class='ocrx_word' id='word_1_105' title='bbox 1326 1514 1390 1590; x_wconf 88' lang='lat' dir='ltr'>tibi</span> <span class='ocrx_word' id='word_1_106' title='bbox 1412 1537 1475 1611; x_wconf 91' lang='lat' dir='ltr'>per</span> <span class='ocrx_word' id='word_1_107' title='bbox 1498 1527 1536 1590; x_wconf 90' lang='lat' dir='ltr'>te</span> <span class='ocrx_word' id='word_1_108' title='bbox 1560 1513 1682 1612; x_wconf 85' lang='lat' dir='ltr'>quoad</span> 
     </span>
     <span class='ocr_line' id='line_1_12' title="bbox 61 1633 1767 1728; baseline -0.002 -12"><span class='ocrx_word' id='word_1_109' title='bbox 61 1637 185 1716; x_wconf 76' lang='lat' dir='ltr'>rixeris</span> <span class='ocrx_word' id='word_1_110' title='bbox 209 1658 391 1714; x_wconf 72' lang='lat' dir='ltr'>unacum</span> <span class='ocrx_word' id='word_1_111' title='bbox 415 1635 538 1712; x_wconf 74' lang='lat' dir='ltr'>Sentii</span> <span class='ocrx_word' id='word_1_112' title='bbox 563 1634 677 1716; x_wconf 72' lang='lat' dir='ltr'>Sinti,</span> <span class='ocrx_word' id='word_1_113' title='bbox 702 1657 793 1728; x_wconf 84' lang='lat' dir='ltr'>quae</span> <span class='ocrx_word' id='word_1_114' title='bbox 822 1634 951 1710; x_wconf 79' lang='lat' dir='ltr'>titulus</span> <span class='ocrx_word' id='word_1_115' title='bbox 975 1636 1028 1710; x_wconf 88' lang='lat' dir='ltr'>tui</span> <span class='ocrx_word' id='word_1_116' title='bbox 1059 1636 1314 1712; x_wconf 85' lang='lat' dir='ltr'>Cardinalatus</span> <span class='ocrx_word' id='word_1_117' title='bbox 1344 1633 1481 1722; x_wconf 84' lang='lat' dir='ltr'>existit,</span> <span class='ocrx_word' id='word_1_118' title='bbox 1517 1657 1560 1708; x_wconf 91' lang='lat' dir='ltr'>ac</span> <span class='ocrx_word' id='word_1_119' title='bbox 1579 1635 1682 1713; x_wconf 85' lang='lat' dir='ltr'>Tira·</span> <span class='ocrx_word' id='word_1_120' title='bbox 1763 1656 1767 1663; x_wconf 75' lang='grc'><strong>’</strong></span> 
     </span>
     <span class='ocr_line' id='line_1_13' title="bbox 56 1754 1682 1853; baseline -0.002 -16"><span class='ocrx_word' id='word_1_121' title='bbox 56 1756 186 1837; x_wconf 90' lang='lat' dir='ltr'>sonenii</span> <span class='ocrx_word' id='word_1_122' title='bbox 220 1756 281 1832; x_wconf 90' lang='lat' dir='ltr'>cui</span> <span class='ocrx_word' id='word_1_123' title='bbox 316 1779 364 1831; x_wconf 84' lang='lat' dir='ltr'>ex</span> <span class='ocrx_word' id='word_1_124' title='bbox 393 1755 617 1833; x_wconf 77' lang='lat' dir='ltr'>conoeffione</span> <span class='ocrx_word' id='word_1_125' title='bbox 653 1758 691 1832; x_wconf 75' lang='lat' dir='ltr'>du</span> <span class='ocrx_word' id='word_1_126' title='bbox 734 1754 994 1850; x_wconf 87' lang='lat' dir='ltr'>dispensatione</span> <span class='ocrx_word' id='word_1_127' title='bbox 1032 1756 1221 1850; x_wconf 88' lang='lat' dir='ltr'>apostolica</span> <span class='ocrx_word' id='word_1_128' title='bbox 1253 1754 1407 1853; x_wconf 80' lang='lat' dir='ltr'>praeesse</span> <span class='ocrx_word' id='word_1_129' title='bbox 1442 1754 1682 1851; x_wconf 84' lang='lat' dir='ltr'>dignosceris,</span> 
     </span>
     <span class='ocr_line' id='line_1_14' title="bbox 54 1871 1684 1971; baseline -0.002 -14"><span class='ocrx_word' id='word_1_130' title='bbox 54 1900 89 1957; x_wconf 80' lang='lat' dir='ltr'>tc</span> <span class='ocrx_word' id='word_1_131' title='bbox 111 1876 294 1955; x_wconf 80' lang='lat' dir='ltr'>omnibus</span> <span class='ocrx_word' id='word_1_132' title='bbox 317 1874 399 1950; x_wconf 84' lang='lat' dir='ltr'>aliis</span> <span class='ocrx_word' id='word_1_133' title='bbox 425 1872 611 1962; x_wconf 72' lang='lat' dir='ltr'>sectetis,</span> <span class='ocrx_word' id='word_1_134' title='bbox 647 1871 890 1961; x_wconf 84' lang='lat' dir='ltr'>Monasterils,</span> <span class='ocrx_word' id='word_1_135' title='bbox 927 1873 1172 1965; x_wconf 82' lang='lat' dir='ltr'>Prioratibus,</span> <span class='ocrx_word' id='word_1_136' title='bbox 1220 1876 1485 1971; x_wconf 84' lang='lat' dir='ltr'>Dignitatibus.</span> <span class='ocrx_word' id='word_1_137' title='bbox 1513 1876 1684 1954; x_wconf 85' lang='lat' dir='ltr'>Persona·</span> 
     </span>
     <span class='ocr_line' id='line_1_15' title="bbox 56 1992 1684 2089; baseline 0 -15"><span class='ocrx_word' id='word_1_138' title='bbox 56 1998 169 2089; x_wconf 78' lang='lat' dir='ltr'>trbns,</span> <span class='ocrx_word' id='word_1_139' title='bbox 208 1992 615 2079; x_wconf 72' lang='lat' dir='ltr'>administrationibus,</span> <span class='ocrx_word' id='word_1_140' title='bbox 648 1992 807 2079; x_wconf 85' lang='lat' dir='ltr'>Officiis,</span> <span class='ocrx_word' id='word_1_141' title='bbox 842 1992 1145 2082; x_wconf 79' lang='lat' dir='ltr'>canonicatibus,</span> <span class='ocrx_word' id='word_1_142' title='bbox 1185 1994 1224 2072; x_wconf 83' lang='lat' dir='ltr'>dr</span> <span class='ocrx_word' id='word_1_143' title='bbox 1241 1996 1479 2084; x_wconf 82' lang='lat' dir='ltr'>Praebendis‚</span> <span class='ocrx_word' id='word_1_144' title='bbox 1510 1998 1684 2074; x_wconf 84' lang='lat' dir='ltr'>caeteris·</span> 
     </span>
     <span class='ocr_line' id='line_1_16' title="bbox 57 2108 1683 2219; baseline 0 -23"><span class='ocrx_word' id='word_1_145' title='bbox 57 2142 127 2219; x_wconf 75' lang='lat' dir='ltr'>que</span> <span class='ocrx_word' id='word_1_146' title='bbox 147 2114 335 2195; x_wconf 81' lang='lat' dir='ltr'>beneficiis</span> <span class='ocrx_word' id='word_1_147' title='bbox 357 2112 610 2190; x_wconf 65' lang='lat' dir='ltr'>Fleclefiailicis</span> <span class='ocrx_word' id='word_1_148' title='bbox 647 2134 733 2188; x_wconf 89' lang='lat' dir='ltr'>cum</span> <span class='ocrx_word' id='word_1_149' title='bbox 759 2112 858 2188; x_wconf 82' lang='lat' dir='ltr'>Cura</span> <span class='ocrx_word' id='word_1_150' title='bbox 891 2113 930 2189; x_wconf 83' lang='lat' dir='ltr'>dr</span> <span class='ocrx_word' id='word_1_151' title='bbox 953 2108 1028 2189; x_wconf 83' lang='lat' dir='ltr'>stne</span> <span class='ocrx_word' id='word_1_152' title='bbox 1054 2112 1168 2199; x_wconf 88' lang='lat' dir='ltr'>Cura,</span> <span class='ocrx_word' id='word_1_153' title='bbox 1207 2114 1462 2205; x_wconf 75' lang='lat' dir='ltr'>saecularibus,</span> <span class='ocrx_word' id='word_1_154' title='bbox 1520 2120 1557 2196; x_wconf 84' lang='lat' dir='ltr'>dr</span> <span class='ocrx_word' id='word_1_155' title='bbox 1587 2114 1683 2196; x_wconf 87' lang='lat' dir='ltr'>ordi·</span> 
     </span>
     <span class='ocr_line' id='line_1_17' title="bbox 62 2231 1745 2337; baseline 0 -22"><span class='ocrx_word' id='word_1_156' title='bbox 62 2260 150 2316; x_wconf 89' lang='lat' dir='ltr'>num</span> <span class='ocrx_word' id='word_1_157' title='bbox 171 2232 382 2337; x_wconf 81' lang='lat' dir='ltr'>qnmnmuis</span> <span class='ocrx_word' id='word_1_158' title='bbox 413 2231 654 2330; x_wconf 86' lang='lat' dir='ltr'>regularibus,</span> <span class='ocrx_word' id='word_1_159' title='bbox 684 2254 984 2331; x_wconf 88' lang='lat' dir='ltr'>quorumcunque</span> <span class='ocrx_word' id='word_1_160' title='bbox 1008 2232 1124 2309; x_wconf 87' lang='lat' dir='ltr'>etiarn</span> <span class='ocrx_word' id='word_1_161' title='bbox 1146 2234 1368 2331; x_wconf 67' lang='lat' dir='ltr'>dignitatnn</span> <span class='ocrx_word' id='word_1_162' title='bbox 1392 2240 1430 2314; x_wconf 83' lang='lat' dir='ltr'>dr</span> <span class='ocrx_word' id='word_1_163' title='bbox 1466 2237 1598 2314; x_wconf 78' lang='lat' dir='ltr'>valoris</span> <span class='ocrx_word' id='word_1_164' title='bbox 1619 2262 1683 2315; x_wconf 89' lang='lat' dir='ltr'>an·</span> <span class='ocrx_word' id='word_1_165' title='bbox 1741 2312 1745 2325; x_wconf 78' lang='grc'><strong>,</strong></span> 
     </span>
     <span class='ocr_line' id='line_1_18' title="bbox 58 2350 1683 2454; baseline -0.001 -17"><span class='ocrx_word' id='word_1_166' title='bbox 58 2360 119 2437; x_wconf 91' lang='lat' dir='ltr'>nni</span> <span class='ocrx_word' id='word_1_167' title='bbox 143 2357 318 2443; x_wconf 77' lang='lat' dir='ltr'>existant,</span> <span class='ocrx_word' id='word_1_168' title='bbox 362 2376 473 2452; x_wconf 85' lang='lat' dir='ltr'>qoem</span> <span class='ocrx_word' id='word_1_169' title='bbox 497 2350 647 2428; x_wconf 88' lang='lat' dir='ltr'>titulum</span> <span class='ocrx_word' id='word_1_170' title='bbox 672 2374 716 2429; x_wconf 83' lang='lat' dir='ltr'>ac</span> <span class='ocrx_word' id='word_1_171' title='bbox 740 2351 1009 2430; x_wconf 86' lang='lat' dir='ltr'>Commendam</span> <span class='ocrx_word' id='word_1_172' title='bbox 1032 2353 1175 2432; x_wconf 88' lang='lat' dir='ltr'>obtines</span> <span class='ocrx_word' id='word_1_173' title='bbox 1206 2353 1245 2432; x_wconf 80' lang='lat' dir='ltr'>u</span> <span class='ocrx_word' id='word_1_174' title='bbox 1269 2354 1509 2454; x_wconf 86' lang='lat' dir='ltr'>inposterum</span> <span class='ocrx_word' id='word_1_175' title='bbox 1541 2358 1683 2436; x_wconf 88' lang='lat' dir='ltr'>obtine·</span> 
     </span>
     <span class='ocr_line' id='line_1_19' title="bbox 55 2470 1685 2574; baseline -0.003 -16"><span class='ocrx_word' id='word_1_176' title='bbox 55 2480 118 2559; x_wconf 85' lang='lat' dir='ltr'>bis.</span> <span class='ocrx_word' id='word_1_177' title='bbox 171 2478 253 2557; x_wconf 81' lang='lat' dir='ltr'>Nec</span> <span class='ocrx_word' id='word_1_178' title='bbox 280 2498 360 2550; x_wconf 88' lang='lat' dir='ltr'>non·</span> <span class='ocrx_word' id='word_1_179' title='bbox 381 2470 607 2571; x_wconf 80' lang='lat' dir='ltr'>pensionibus</span> <span class='ocrx_word' id='word_1_180' title='bbox 630 2472 779 2558; x_wconf 80' lang='lat' dir='ltr'>annuis,</span> <span class='ocrx_word' id='word_1_181' title='bbox 822 2493 913 2573; x_wconf 86' lang='lat' dir='ltr'>quas</span> <span class='ocrx_word' id='word_1_182' title='bbox 936 2472 1091 2573; x_wconf 80' lang='lat' dir='ltr'>percipis</span> <span class='ocrx_word' id='word_1_183' title='bbox 1117 2476 1156 2554; x_wconf 83' lang='lat' dir='ltr'>dr</span> <span class='ocrx_word' id='word_1_184' title='bbox 1181 2474 1356 2574; x_wconf 82' lang='lat' dir='ltr'>percipias</span> <span class='ocrx_word' id='word_1_185' title='bbox 1380 2475 1418 2552; x_wconf 94' lang='lat' dir='ltr'>in</span> <span class='ocrx_word' id='word_1_186' title='bbox 1441 2478 1604 2555; x_wconf 85' lang='lat' dir='ltr'>futurum</span> <span class='ocrx_word' id='word_1_187' title='bbox 1627 2488 1685 2555; x_wconf 88' lang='lat' dir='ltr'>te·</span> 
     </span>
     <span class='ocr_line' id='line_1_20' title="bbox 55 2592 1682 2697; baseline 0.002 -22"><span class='ocrx_word' id='word_1_188' title='bbox 55 2600 239 2697; x_wconf 77' lang='lat' dir='ltr'>modum,</span> <span class='ocrx_word' id='word_1_189' title='bbox 282 2597 481 2691; x_wconf 86' lang='lat' dir='ltr'>regendum</span> <span class='ocrx_word' id='word_1_190' title='bbox 506 2592 545 2669; x_wconf 83' lang='lat' dir='ltr'>dt</span> <span class='ocrx_word' id='word_1_191' title='bbox 568 2594 853 2688; x_wconf 85' lang='lat' dir='ltr'>gubernandum.</span> <span class='ocrx_word' id='word_1_192' title='bbox 933 2593 988 2669; x_wconf 85' lang='lat' dir='ltr'>lta</span> <span class='ocrx_word' id='word_1_193' title='bbox 1020 2597 1120 2694; x_wconf 84' lang='lat' dir='ltr'>quod</span> <span class='ocrx_word' id='word_1_194' title='bbox 1151 2594 1355 2676; x_wconf 85' lang='lat' dir='ltr'>debitis&amp;</span> <span class='ocrx_word' id='word_1_195' title='bbox 1386 2594 1565 2674; x_wconf 73' lang='lat' dir='ltr'>condietis</span> <span class='ocrx_word' id='word_1_196' title='bbox 1596 2599 1682 2678; x_wconf 77' lang='lat' dir='ltr'>diui</span> 
     </span>
     <span class='ocr_line' id='line_1_21' title="bbox 58 2694 1685 2825; baseline 0.001 -32"><span class='ocrx_word' id='word_1_197' title='bbox 58 2716 264 2798; x_wconf 80' lang='lat' dir='ltr'>blonaillerii</span> <span class='ocrx_word' id='word_1_198' title='bbox 294 2715 333 2789; x_wconf 93' lang='lat' dir='ltr'>in</span> <span class='ocrx_word' id='word_1_199' title='bbox 365 2712 620 2809; x_wconf 77' lang='lat' dir='ltr'>weingarten,</span> <span class='ocrx_word' id='word_1_200' title='bbox 664 2713 941 2825; x_wconf 17' lang='lat' dir='ltr'>act-dilectorum</span> <span class='ocrx_word' id='word_1_201' title='bbox 975 2711 1132 2789; x_wconf 85' lang='lat' dir='ltr'>iiliomm</span> <span class='ocrx_word' id='word_1_202' title='bbox 1154 2694 1388 2792; x_wconf 73' lang='lat' dir='ltr'>&#39;conuentus</span> <span class='ocrx_word' id='word_1_203' title='bbox 1409 2716 1574 2813; x_wconf 80' lang='lat' dir='ltr'>eiusdem</span> <span class='ocrx_word' id='word_1_204' title='bbox 1605 2718 1685 2819; x_wconf 90' lang='lat' dir='ltr'>sup·</span> 
     </span>
     <span class='ocr_line' id='line_1_22' title="bbox 59 2823 1683 2936; baseline 0.002 -25"><span class='ocrx_word' id='word_1_205' title='bbox 59 2835 209 2936; x_wconf 81' lang='lat' dir='ltr'>portatis</span> <span class='ocrx_word' id='word_1_206' title='bbox 232 2834 404 2910; x_wconf 87' lang='lat' dir='ltr'>oneribus</span> <span class='ocrx_word' id='word_1_207' title='bbox 429 2835 477 2907; x_wconf 90' lang='lat' dir='ltr'>de</span> <span class='ocrx_word' id='word_1_208' title='bbox 499 2832 649 2909; x_wconf 77' lang='lat' dir='ltr'>redduis</span> <span class='ocrx_word' id='word_1_209' title='bbox 675 2832 769 2907; x_wconf 89' lang='lat' dir='ltr'>iilius</span> <span class='ocrx_word' id='word_1_210' title='bbox 791 2832 984 2921; x_wconf 76' lang='lat' dir='ltr'>srustibus,</span> <span class='ocrx_word' id='word_1_211' title='bbox 1016 2831 1217 2911; x_wconf 82' lang='lat' dir='ltr'>redditibus</span> <span class='ocrx_word' id='word_1_212' title='bbox 1243 2858 1286 2913; x_wconf 92' lang='lat' dir='ltr'>ac</span> <span class='ocrx_word' id='word_1_213' title='bbox 1306 2823 1541 2930; x_wconf 74' lang='lat' dir='ltr'>prouentsous</span> <span class='ocrx_word' id='word_1_214' title='bbox 1566 2836 1683 2935; x_wconf 88' lang='lat' dir='ltr'>dispo·</span> 
     </span>
     <span class='ocr_line' id='line_1_23' title="bbox 60 2951 1680 3049; baseline 0.001 -14"><span class='ocrx_word' id='word_1_215' title='bbox 60 2980 140 3035; x_wconf 89' lang='lat' dir='ltr'>uere</span> <span class='ocrx_word' id='word_1_216' title='bbox 172 2960 212 3036; x_wconf 83' lang='lat' dir='ltr'>dr</span> <span class='ocrx_word' id='word_1_217' title='bbox 235 2954 403 3033; x_wconf 89' lang='lat' dir='ltr'>ordinate</span> <span class='ocrx_word' id='word_1_218' title='bbox 427 2964 640 3049; x_wconf 88' lang='lat' dir='ltr'>potuerunt,</span> <span class='ocrx_word' id='word_1_219' title='bbox 680 2952 741 3026; x_wconf 88' lang='lat' dir='ltr'>seu</span> <span class='ocrx_word' id='word_1_220' title='bbox 776 2951 889 3028; x_wconf 88' lang='lat' dir='ltr'>etiam</span> <span class='ocrx_word' id='word_1_221' title='bbox 920 2954 1132 3030; x_wconf 83' lang='lat' dir='ltr'>debuerunt</span> <span class='ocrx_word' id='word_1_222' title='bbox 1208 2954 1526 3034; x_wconf 85' lang='lat' dir='ltr'>Abalienationem</span> <span class='ocrx_word' id='word_1_223' title='bbox 1553 2969 1680 3036; x_wconf 89' lang='lat' dir='ltr'>tamen</span> 
     </span>
    </p>
   </div>
   <div class='ocr_carea' id='block_1_5' title="bbox 60 3071 1814 3176">
    <p class='ocr_par' dir='ltr' id='par_1_5' title="bbox 60 3071 1814 3176">
     <span class='ocr_line' id='line_1_24' title="bbox 60 3071 1814 3176; baseline -0.002 -21"><span class='ocrx_word' id='word_1_224' title='bbox 60 3098 354 3176; x_wconf 86' lang='lat' dir='ltr'>quorumcunque</span> <span class='ocrx_word' id='word_1_225' title='bbox 378 3077 558 3150; x_wconf 89' lang='lat' dir='ltr'>bonorum</span> <span class='ocrx_word' id='word_1_226' title='bbox 582 3071 845 3156; x_wconf 84' lang='lat' dir='ltr'>immobilium,</span> <span class='ocrx_word' id='word_1_227' title='bbox 885 3071 1206 3170; x_wconf 86' lang='lat' dir='ltr'>&amp;praetiosorum</span> <span class='ocrx_word' id='word_1_228' title='bbox 1233 3074 1421 3152; x_wconf 89' lang='lat' dir='ltr'>mobilium</span> <span class='ocrx_word' id='word_1_229' title='bbox 1443 3074 1529 3153; x_wconf 76' lang='lat' dir='ltr'>diui</span> <span class='ocrx_word' id='word_1_230' title='bbox 1552 3076 1684 3155; x_wconf 83' lang='lat' dir='ltr'>Mona·</span> <span class='ocrx_word' id='word_1_231' title='bbox 1806 3114 1814 3123; x_wconf 95' lang='lat'><strong>·</strong></span> 
     </span>
    </p>
   </div>
   <div class='ocr_carea' id='block_1_6' title="bbox 9 3190 1737 4851">
    <p class='ocr_par' dir='ltr' id='par_1_6' title="bbox 57 3190 1684 4132">
     <span class='ocr_line' id='line_1_25' title="bbox 64 3190 1684 3292; baseline -0.001 -17"><span class='ocrx_word' id='word_1_232' title='bbox 64 3196 151 3275; x_wconf 79' lang='lat' dir='ltr'>sterii</span> <span class='ocrx_word' id='word_1_233' title='bbox 175 3198 213 3271; x_wconf 91' lang='lat' dir='ltr'>in</span> <span class='ocrx_word' id='word_1_234' title='bbox 240 3194 477 3289; x_wconf 84' lang='lat' dir='ltr'>weingarten</span> <span class='ocrx_word' id='word_1_235' title='bbox 509 3191 574 3267; x_wconf 90' lang='lat' dir='ltr'>tibi</span> <span class='ocrx_word' id='word_1_236' title='bbox 607 3190 752 3289; x_wconf 89' lang='lat' dir='ltr'>penitus</span> <span class='ocrx_word' id='word_1_237' title='bbox 785 3193 975 3270; x_wconf 77' lang='lat' dir='ltr'>interditta</span> <span class='ocrx_word' id='word_1_238' title='bbox 996 3191 1224 3272; x_wconf 69' lang='lat' dir='ltr'>Audoritate</span> <span class='ocrx_word' id='word_1_239' title='bbox 1248 3194 1454 3292; x_wconf 81' lang='lat' dir='ltr'>Apostolica</span> <span class='ocrx_word' id='word_1_240' title='bbox 1484 3190 1684 3274; x_wconf 82' lang='lat' dir='ltr'>Commen-</span> 
     </span>
     <span class='ocr_line' id='line_1_26' title="bbox 60 3310 1682 3411; baseline 0 -18"><span class='ocrx_word' id='word_1_241' title='bbox 60 3318 208 3402; x_wconf 83' lang='lat' dir='ltr'>damus,</span> <span class='ocrx_word' id='word_1_242' title='bbox 249 3313 404 3400; x_wconf 77' lang='lat' dir='ltr'>euram,</span> <span class='ocrx_word' id='word_1_243' title='bbox 446 3310 623 3407; x_wconf 83' lang='lat' dir='ltr'>Regimen</span> <span class='ocrx_word' id='word_1_244' title='bbox 655 3312 693 3391; x_wconf 86' lang='lat' dir='ltr'>de</span> <span class='ocrx_word' id='word_1_245' title='bbox 716 3311 1085 3391; x_wconf 80' lang='lat' dir='ltr'>-Adninistrattonem</span> <span class='ocrx_word' id='word_1_246' title='bbox 1117 3311 1225 3411; x_wconf 85' lang='lat' dir='ltr'>ipsius</span> <span class='ocrx_word' id='word_1_247' title='bbox 1250 3315 1457 3393; x_wconf 88' lang='lat' dir='ltr'>Monasterii</span> <span class='ocrx_word' id='word_1_248' title='bbox 1487 3314 1526 3390; x_wconf 91' lang='lat' dir='ltr'>in</span> <span class='ocrx_word' id='word_1_249' title='bbox 1558 3316 1682 3393; x_wconf 88' lang='lat' dir='ltr'>Wein·</span> 
     </span>
     <span class='ocr_line' id='line_1_27' title="bbox 57 3430 1684 3533; baseline 0.001 -21"><span class='ocrx_word' id='word_1_250' title='bbox 57 3450 183 3533; x_wconf 76' lang='lat' dir='ltr'>garten</span> <span class='ocrx_word' id='word_1_251' title='bbox 203 3433 273 3513; x_wconf 91' lang='lat' dir='ltr'>tibi</span> <span class='ocrx_word' id='word_1_252' title='bbox 304 3432 342 3509; x_wconf 92' lang='lat' dir='ltr'>in</span> <span class='ocrx_word' id='word_1_253' title='bbox 369 3430 608 3531; x_wconf 84' lang='lat' dir='ltr'>spiritualibus</span> <span class='ocrx_word' id='word_1_254' title='bbox 634 3435 672 3511; x_wconf 82' lang='lat' dir='ltr'>dr</span> <span class='ocrx_word' id='word_1_255' title='bbox 698 3432 956 3529; x_wconf 77' lang='lat' dir='ltr'>temporalibus</span> <span class='ocrx_word' id='word_1_256' title='bbox 979 3433 1137 3530; x_wconf 89' lang='lat' dir='ltr'>plenarie</span> <span class='ocrx_word' id='word_1_257' title='bbox 1162 3434 1445 3520; x_wconf 83' lang='lat' dir='ltr'>committendo,</span> <span class='ocrx_word' id='word_1_258' title='bbox 1485 3437 1684 3513; x_wconf 88' lang='lat' dir='ltr'>decemen·</span> 
     </span>
     <span class='ocr_line' id='line_1_28' title="bbox 63 3550 1683 3655; baseline -0.001 -20"><span class='ocrx_word' id='word_1_259' title='bbox 63 3568 117 3635; x_wconf 77' lang='lat' dir='ltr'>tea</span> <span class='ocrx_word' id='word_1_260' title='bbox 138 3582 188 3634; x_wconf 88' lang='lat' dir='ltr'>ex</span> <span class='ocrx_word' id='word_1_261' title='bbox 209 3568 299 3631; x_wconf 90' lang='lat' dir='ltr'>tunc</span> <span class='ocrx_word' id='word_1_262' title='bbox 319 3553 463 3629; x_wconf 88' lang='lat' dir='ltr'>irritum</span> <span class='ocrx_word' id='word_1_263' title='bbox 486 3550 526 3627; x_wconf 79' lang='lat' dir='ltr'>dc</span> <span class='ocrx_word' id='word_1_264' title='bbox 550 3551 680 3638; x_wconf 85' lang='lat' dir='ltr'>inane,</span> <span class='ocrx_word' id='word_1_265' title='bbox 728 3551 754 3627; x_wconf 84' lang='lat' dir='ltr'><strong>fi</strong></span> <span class='ocrx_word' id='word_1_266' title='bbox 787 3553 885 3629; x_wconf 84' lang='lat' dir='ltr'>fectrs</span> <span class='ocrx_word' id='word_1_267' title='bbox 911 3552 1013 3652; x_wconf 86' lang='lat' dir='ltr'>super</span> <span class='ocrx_word' id='word_1_268' title='bbox 1036 3553 1095 3628; x_wconf 87' lang='lat' dir='ltr'>his</span> <span class='ocrx_word' id='word_1_269' title='bbox 1128 3575 1150 3628; x_wconf 86' lang='lat' dir='ltr'>a</span> <span class='ocrx_word' id='word_1_270' title='bbox 1173 3578 1356 3654; x_wconf 91' lang='lat' dir='ltr'>quoquam</span> <span class='ocrx_word' id='word_1_271' title='bbox 1378 3554 1509 3655; x_wconf 77' lang='lat' dir='ltr'>queuis</span> <span class='ocrx_word' id='word_1_272' title='bbox 1533 3555 1683 3634; x_wconf 77' lang='lat' dir='ltr'>auetori-</span> 
     </span>
     <span class='ocr_line' id='line_1_29' title="bbox 63 3670 1683 3771; baseline -0.001 -16"><span class='ocrx_word' id='word_1_273' title='bbox 63 3687 134 3755; x_wconf 76' lang='lat' dir='ltr'>tate</span> <span class='ocrx_word' id='word_1_274' title='bbox 159 3676 311 3753; x_wconf 86' lang='lat' dir='ltr'>scienter</span> <span class='ocrx_word' id='word_1_275' title='bbox 336 3670 394 3748; x_wconf 83' lang='lat' dir='ltr'>vel</span> <span class='ocrx_word' id='word_1_276' title='bbox 416 3672 624 3767; x_wconf 85' lang='lat' dir='ltr'>ignoranter</span> <span class='ocrx_word' id='word_1_277' title='bbox 646 3672 874 3766; x_wconf 87' lang='lat' dir='ltr'>contingeret</span> <span class='ocrx_word' id='word_1_278' title='bbox 902 3672 1125 3771; x_wconf 87' lang='lat' dir='ltr'>attemptari.</span> <span class='ocrx_word' id='word_1_279' title='bbox 1194 3676 1244 3750; x_wconf 84' lang='lat' dir='ltr'>Et</span> <span class='ocrx_word' id='word_1_280' title='bbox 1266 3676 1505 3757; x_wconf 85' lang='lat' dir='ltr'>nihilominus</span> <span class='ocrx_word' id='word_1_281' title='bbox 1534 3700 1683 3754; x_wconf 89' lang='lat' dir='ltr'>venera·</span> 
     </span>
     <span class='ocr_line' id='line_1_30' title="bbox 66 3790 1682 3893; baseline -0.002 -18"><span class='ocrx_word' id='word_1_282' title='bbox 66 3798 188 3875; x_wconf 78' lang='lat' dir='ltr'>bilibus</span> <span class='ocrx_word' id='word_1_283' title='bbox 212 3793 381 3871; x_wconf 84' lang='lat' dir='ltr'>fratribus</span> <span class='ocrx_word' id='word_1_284' title='bbox 404 3790 532 3867; x_wconf 87' lang='lat' dir='ltr'>nostris</span> <span class='ocrx_word' id='word_1_285' title='bbox 557 3790 834 3888; x_wconf 82' lang='lat' dir='ltr'>Arclaiepiscopo</span> <span class='ocrx_word' id='word_1_286' title='bbox 856 3792 1085 3869; x_wconf 79' lang='lat' dir='ltr'>salernitano</span> <span class='ocrx_word' id='word_1_287' title='bbox 1112 3793 1348 3893; x_wconf 76' lang='lat' dir='ltr'>&amp;Episcopo</span> <span class='ocrx_word' id='word_1_288' title='bbox 1372 3795 1597 3893; x_wconf 69' lang='lat' dir='ltr'>ungentem,</span> <span class='ocrx_word' id='word_1_289' title='bbox 1642 3798 1682 3877; x_wconf 74' lang='grc' dir='ltr'>δι</span> 
     </span>
     <span class='ocr_line' id='line_1_31' title="bbox 64 3908 1682 4013; baseline -0.003 -15"><span class='ocrx_word' id='word_1_290' title='bbox 64 3918 189 3997; x_wconf 75' lang='lat' dir='ltr'>ducto</span> <span class='ocrx_word' id='word_1_291' title='bbox 223 3913 298 3991; x_wconf 84' lang='lat' dir='ltr'>filio</span> <span class='ocrx_word' id='word_1_292' title='bbox 333 3909 492 4011; x_wconf 81' lang='lat' dir='ltr'>¹Ollrciali</span> <span class='ocrx_word' id='word_1_293' title='bbox 531 3908 792 3986; x_wconf 83' lang='lat' dir='ltr'>Constantienst</span> <span class='ocrx_word' id='word_1_294' title='bbox 822 3933 886 4009; x_wconf 92' lang='lat' dir='ltr'>per</span> <span class='ocrx_word' id='word_1_295' title='bbox 916 3913 1009 3989; x_wconf 82' lang='lat' dir='ltr'>haec</span> <span class='ocrx_word' id='word_1_296' title='bbox 1031 3911 1237 4011; x_wconf 84' lang='lat' dir='ltr'>Apostolica</span> <span class='ocrx_word' id='word_1_297' title='bbox 1269 3913 1413 4013; x_wconf 87' lang='lat' dir='ltr'>scripta,</span> <span class='ocrx_word' id='word_1_298' title='bbox 1454 3916 1682 4004; x_wconf 69' lang='lat' dir='ltr'>auctoritate,</span> 
     </span>
     <span class='ocr_line' id='line_1_32' title="bbox 68 4028 1681 4132; baseline 0.002 -23"><span class='ocrx_word' id='word_1_299' title='bbox 68 4051 181 4125; x_wconf 83' lang='lat' dir='ltr'>moto,</span> <span class='ocrx_word' id='word_1_300' title='bbox 223 4031 401 4110; x_wconf 85' lang='lat' dir='ltr'>sententia</span> <span class='ocrx_word' id='word_1_301' title='bbox 431 4035 470 4110; x_wconf 82' lang='lat' dir='ltr'>dr</span> <span class='ocrx_word' id='word_1_302' title='bbox 499 4029 673 4128; x_wconf 86' lang='lat' dir='ltr'>potestate</span> <span class='ocrx_word' id='word_1_303' title='bbox 700 4028 873 4108; x_wconf 78' lang='lat' dir='ltr'>slmilibus</span> <span class='ocrx_word' id='word_1_304' title='bbox 899 4035 1136 4119; x_wconf 82' lang='lat' dir='ltr'>mandamus,</span> <span class='ocrx_word' id='word_1_305' title='bbox 1178 4047 1359 4132; x_wconf 80' lang='lat' dir='ltr'>quatenus</span> <span class='ocrx_word' id='word_1_306' title='bbox 1385 4034 1464 4131; x_wconf 83' lang='lat' dir='ltr'>ipfi,</span> <span class='ocrx_word' id='word_1_307' title='bbox 1509 4037 1567 4114; x_wconf 86' lang='lat' dir='ltr'>vei</span> <span class='ocrx_word' id='word_1_308' title='bbox 1589 4038 1681 4121; x_wconf 83' lang='lat' dir='ltr'>duo.</span> 
     </span>
    </p>

    <p class='ocr_par' dir='ltr' id='par_1_7' title="bbox 9 4116 1737 4851">
     <span class='ocr_line' id='line_1_33' title="bbox 9 4116 1682 4253; baseline -0.001 -17"><span class='ocrx_word' id='word_1_309' title='bbox 9 4116 18 4249; x_wconf 69' lang='lat' dir='ltr'>,i</span> <span class='ocrx_word' id='word_1_310' title='bbox 68 4172 124 4236; x_wconf 86' lang='lat' dir='ltr'>tut</span> <span class='ocrx_word' id='word_1_311' title='bbox 152 4178 249 4236; x_wconf 81' lang='lat' dir='ltr'>unns</span> <span class='ocrx_word' id='word_1_312' title='bbox 272 4173 398 4227; x_wconf 88' lang='lat' dir='ltr'>eorum</span> <span class='ocrx_word' id='word_1_313' title='bbox 428 4173 491 4248; x_wconf 84' lang='lat' dir='ltr'>per</span> <span class='ocrx_word' id='word_1_314' title='bbox 525 4150 577 4231; x_wconf 88' lang='lat' dir='ltr'>se.</span> <span class='ocrx_word' id='word_1_315' title='bbox 629 4148 686 4225; x_wconf 87' lang='lat' dir='ltr'>vel</span> <span class='ocrx_word' id='word_1_316' title='bbox 712 4150 843 4237; x_wconf 85' lang='lat' dir='ltr'>alium,</span> <span class='ocrx_word' id='word_1_317' title='bbox 881 4151 942 4253; x_wconf 80' lang='lat' dir='ltr'>seu</span> <span class='ocrx_word' id='word_1_318' title='bbox 964 4151 1071 4240; x_wconf 87' lang='lat' dir='ltr'>alios,</span> <span class='ocrx_word' id='word_1_319' title='bbox 1113 4167 1151 4228; x_wconf 86' lang='lat' dir='ltr'>te</span> <span class='ocrx_word' id='word_1_320' title='bbox 1183 4153 1242 4229; x_wconf 83' lang='lat' dir='ltr'>vel</span> <span class='ocrx_word' id='word_1_321' title='bbox 1274 4167 1544 4251; x_wconf 89' lang='lat' dir='ltr'>procuratorem</span> <span class='ocrx_word' id='word_1_322' title='bbox 1576 4169 1682 4235; x_wconf 88' lang='lat' dir='ltr'>tuum</span> 
     </span>
     <span class='ocr_line' id='line_1_34' title="bbox 9 4268 1683 4377; baseline 0.002 -27"><span class='ocrx_word' id='word_1_323' title='bbox 9 4298 12 4353; x_wconf 73' lang='lat' dir='ltr'>r</span> <span class='ocrx_word' id='word_1_324' title='bbox 65 4278 262 4377; x_wconf 75' lang='lat' dir='ltr'>legitimum</span> <span class='ocrx_word' id='word_1_325' title='bbox 292 4296 359 4370; x_wconf 91' lang='lat' dir='ltr'>pro</span> <span class='ocrx_word' id='word_1_326' title='bbox 389 4284 427 4346; x_wconf 91' lang='lat' dir='ltr'>te</span> <span class='ocrx_word' id='word_1_327' title='bbox 457 4271 497 4345; x_wconf 91' lang='lat' dir='ltr'>in</span> <span class='ocrx_word' id='word_1_328' title='bbox 530 4268 753 4366; x_wconf 84' lang='lat' dir='ltr'>corporalem</span> <span class='ocrx_word' id='word_1_329' title='bbox 788 4270 1031 4368; x_wconf 71' lang='lat' dir='ltr'>possesionem</span> <span class='ocrx_word' id='word_1_330' title='bbox 1062 4272 1250 4369; x_wconf 85' lang='lat' dir='ltr'>regiminis</span> <span class='ocrx_word' id='word_1_331' title='bbox 1292 4276 1331 4353; x_wconf 78' lang='lat' dir='ltr'>dr</span> <span class='ocrx_word' id='word_1_332' title='bbox 1364 4273 1683 4353; x_wconf 86' lang='lat' dir='ltr'>administrationis</span> 
     </span>
     <span class='ocr_line' id='line_1_35' title="bbox 64 4389 1737 4494; baseline -0.008 -17"><span class='ocrx_word' id='word_1_333' title='bbox 64 4398 241 4477; x_wconf 83' lang='lat' dir='ltr'>bonorum</span> <span class='ocrx_word' id='word_1_334' title='bbox 265 4391 351 4468; x_wconf 77' lang='lat' dir='ltr'>diiii</span> <span class='ocrx_word' id='word_1_335' title='bbox 368 4390 573 4467; x_wconf 80' lang='lat' dir='ltr'>blooailerii</span> <span class='ocrx_word' id='word_1_336' title='bbox 599 4389 635 4465; x_wconf 96' lang='lat' dir='ltr'>in</span> <span class='ocrx_word' id='word_1_337' title='bbox 666 4390 923 4487; x_wconf 83' lang='lat' dir='ltr'>weingarten,</span> <span class='ocrx_word' id='word_1_338' title='bbox 955 4392 1168 4492; x_wconf 88' lang='lat' dir='ltr'>Juriumque</span> <span class='ocrx_word' id='word_1_339' title='bbox 1194 4391 1555 4494; x_wconf 80' lang='lat' dir='ltr'>&amp;pertinentiarum</span> <span class='ocrx_word' id='word_1_340' title='bbox 1581 4418 1683 4494; x_wconf 88' lang='lat' dir='ltr'>prae·</span> <span class='ocrx_word' id='word_1_341' title='bbox 1733 4457 1737 4463; x_wconf 91' lang='lat'>.</span> 
     </span>
     <span class='ocr_line' id='line_1_36' title="bbox 61 4510 1683 4602; baseline -0.004 -5"><span class='ocrx_word' id='word_1_342' title='bbox 61 4520 238 4599; x_wconf 78' lang='lat' dir='ltr'>diuorum</span> <span class='ocrx_word' id='word_1_343' title='bbox 270 4511 462 4599; x_wconf 87' lang='lat' dir='ltr'>inducant,</span> <span class='ocrx_word' id='word_1_344' title='bbox 511 4512 721 4589; x_wconf 68' lang='lat' dir='ltr'>auctoritate</span> <span class='ocrx_word' id='word_1_345' title='bbox 747 4510 882 4599; x_wconf 83' lang='lat' dir='ltr'>nostra,</span> <span class='ocrx_word' id='word_1_346' title='bbox 921 4511 960 4589; x_wconf 84' lang='lat' dir='ltr'>dr</span> <span class='ocrx_word' id='word_1_347' title='bbox 997 4512 1197 4591; x_wconf 84' lang='lat' dir='ltr'>defendant</span> <span class='ocrx_word' id='word_1_348' title='bbox 1225 4514 1430 4602; x_wconf 75' lang='lat' dir='ltr'>indultum,</span> <span class='ocrx_word' id='word_1_349' title='bbox 1472 4540 1515 4593; x_wconf 88' lang='lat' dir='ltr'>ac</span> <span class='ocrx_word' id='word_1_350' title='bbox 1536 4515 1683 4597; x_wconf 70' lang='lat' dir='ltr'>,iaciant</span> 
     </span>
     <span class='ocr_line' id='line_1_37' title="bbox 59 4630 1681 4739; baseline -0.001 -23"><span class='ocrx_word' id='word_1_351' title='bbox 59 4638 125 4721; x_wconf 83' lang='lat' dir='ltr'>tibi</span> <span class='ocrx_word' id='word_1_352' title='bbox 149 4636 201 4716; x_wconf 89' lang='lat' dir='ltr'>de</span> <span class='ocrx_word' id='word_1_353' title='bbox 225 4631 334 4732; x_wconf 86' lang='lat' dir='ltr'>ipsius</span> <span class='ocrx_word' id='word_1_354' title='bbox 359 4630 567 4711; x_wconf 84' lang='lat' dir='ltr'>Monasterii</span> <span class='ocrx_word' id='word_1_355' title='bbox 599 4632 638 4711; x_wconf 92' lang='lat' dir='ltr'>in</span> <span class='ocrx_word' id='word_1_356' title='bbox 662 4630 899 4730; x_wconf 88' lang='lat' dir='ltr'>Weiogarten</span> <span class='ocrx_word' id='word_1_357' title='bbox 928 4632 1120 4721; x_wconf 79' lang='lat' dir='ltr'>frustibus,</span> <span class='ocrx_word' id='word_1_358' title='bbox 1162 4634 1383 4725; x_wconf 87' lang='lat' dir='ltr'>redditibus,</span> <span class='ocrx_word' id='word_1_359' title='bbox 1425 4638 1681 4739; x_wconf 81' lang='lat' dir='ltr'>prouentibus,</span> 
     </span>
     <span class='ocr_line' id='line_1_38' title="bbox 932 4753 1681 4851; baseline -0.001 -17"><span class='ocrx_word' id='word_1_360' title='bbox 932 4753 1007 4835; x_wconf 80' lang='lat' dir='ltr'>Aa</span> <span class='ocrx_word' id='word_1_361' title='bbox 1544 4756 1681 4851; x_wconf 83' lang='lat' dir='ltr'>juribus</span> 
     </span>
    </p>
   </div>
   <div class='ocr_carea' id='block_1_7' title="bbox 0 0 1878 5160">
    <p class='ocr_par' dir='ltr' id='par_1_8' title="bbox 0 0 1878 5160">
     <span class='ocr_line' id='line_1_39' title="bbox 0 0 1878 5160; baseline 0 0"><span class='ocrx_word' id='word_1_362' title='bbox 0 0 1878 5160; x_wconf 95' lang='lat' dir='ltr'> </span> 
     </span>
    </p>
   </div>
  </div>
 </body>
</html>
