3736 5160
1 319 3 328 ,
116 248 190 333 480
723 230 1142 321 *mx*

118 415 167 490 ad
194 408 451 488 Monasterium
479 408 512 482 se
532 419 800 484 contraxerunt.
857 408 928 492 Qui
958 398 1000 481 vi
1028 406 1136 483 nonu
1160 404 1306 481 liberius
1331 403 1542 502 perlustrare
1574 405 1612 486 dr
1639 406 1731 481 indn-

119 556 205 630 gare
226 528 363 628 possent
392 529 502 603 aedes
530 527 568 604 δι
591 526 792 602 Thesauros
815 527 1056 613 absconditos,
1082 549 1174 623 quos
1196 524 1258 599 libi
1291 524 1599 619 imaginabantur,
1620 525 1734 601 Patres

120 674 250 728 omnes
272 673 319 723 err
337 659 521 723 conuentu
541 646 578 719 iu
601 646 860 743 hypocaustum
883 668 994 743 prope
1026 644 1185 719 culinam
1219 645 1321 719 aulae
1345 647 1592 726 abduxerunt.
1626 643 1736 742 ibique

119 769 256 846 additis
285 767 489 844 custodibus
515 768 719 864 pemoilare
743 765 927 861 jusserunt.
985 764 1162 863 Sequenti
1191 764 1260 851 die,
1283 763 1420 851 ,reduui
1453 766 1533 840 sunt
1563 765 1603 839 in
1632 762 1737 860 hypo·

118 888 281 966 caulium
309 886 352 964 R.
377 887 415 965 P..
443 884 593 969 Prioris,
621 884 679 961 vbi
702 886 887 960 edendum
916 886 953 961 dr
978 884 1086 959 uoltu
1114 884 1332 960 cubandum.
1392 883 1537 960 Exinde
1562 884 1602 959 in
1630 882 1737 981 hypo·

120 1007 280 1084 caustum
307 1006 405 1106 quod
433 1007 471 1080 Ρ.
494 1002 651 1108 joannes
676 1004 826 1079 Martini
848 1002 1064 1089 incoluerat,
1094 1000 1249 1078 conclusi
1273 1005 1448 1101 usquead
1471 1002 1661 1079 discessum
1687 1024 1738 1075 eo·

118 1150 211 1205 rum.
266 1126 479 1212 Abeuntes,
511 1125 604 1199 duos
637 1145 684 1196 ex
714 1122 880 1199 Patribus
913 1121 1041 1197 nostris
1078 1122 1196 1198 secum
1232 1124 1477 1210 abduxerunt,
1514 1120 1558 1199 P.
1579 1122 1739 1223 Magnus

119 1245 295 1334 Zlirciur,
329 1244 368 1321 δι
393 1242 433 1319 Ρ.
455 1242 646 1343 Anselmum
676 1241 824 1319 Oswuld.
874 1242 1027 1340 Lytrum
1054 1263 1120 1339 pro
1143 1242 1246 1318 nobis
1269 1242 1471 1317 redimendi
1502 1266 1638 1318 20000.
1665 1239 1738 1317 lihi-

49 1458 52 1463 ¹
117 1366 279 1463 lippaeos
305 1374 520 1460 extorquere
542 1364 783 1448 conabantur,
807 1361 866 1438 sed
890 1360 1025 1437 srulire.
1074 1362 1195 1447 Quare
1217 1362 1367 1437 tandem
1390 1360 1429 1438 dt
1450 1361 1738 1461 praenominatos

119 1485 263 1570 Patres,
288 1505 373 1559 cum
396 1482 460 1557 diu
484 1504 548 1555 eos
573 1479 906 1566 circumduxissent,
933 1481 1066 1557 liberos
1092 1480 1325 1558 dimisserunt.
1379 1480 1478 1558 Dum
1504 1480 1544 1555 in
1569 1478 1738 1555 mouille·

116 1605 171 1683 rio
199 1603 445 1686 morabantur,
471 1600 594 1677 omnia
622 1599 659 1675 in
685 1602 857 1700 praedam
883 1599 1021 1676 cessere.
1079 1598 1220 1685 Incolae
1246 1600 1490 1700 Altdorffensrs
1520 1598 1661 1678 resinis
1688 1622 1737 1676 rr·

118 1723 199 1797 cuis
220 1720 372 1798 aedibus
399 1718 456 1797 vel
488 1717 758 1829 Rauenspurgum
788 1718 845 1796 vel
867 1720 937 1794 ulio
959 1720 1194 1817 diffugerunt.
1222 1723 1260 1801 dc
1285 1720 1369 1795 ideo
1386 1730 1464 1795 tota
1485 1718 1654 1797 militum
1672 1743 1738 1795 mo·

115 1843 170 1917 les
196 1827 300 1917 nobis
323 1837 505 1939 impofita,
530 1842 569 1919 dt
597 1863 641 1914 eo
673 1862 789 1937 usque
827 1842 1063 1937 supportanda
1096 1840 1181 1926 suit,
1214 1840 1331 1915 donec
1371 1840 1516 1937 penitus
1561 1836 1737 1938 exspolitti

116 1961 304 2041 fuerimus.
352 1960 391 2035 ln
414 1959 496 2034 aula
522 1959 640 2036 nostra
666 1957 854 2037 conclauia
888 1960 1011 2037 omnia
1047 1959 1084 2036 vi
1114 1971 1258 2056 aperta,
1292 1959 1387 2036 serae
1407 1957 1659 2067 contraeaeg
1687 1982 1736 2055 qe-

118 2104 228 2168 cora,
253 2079 398 2167 vinum,
430 2078 674 2167 srumentum,
705 2079 796 2156 seila
829 2079 867 2156 dr
900 2078 1019 2156 omnis
1049 2077 1147 2155 linea
1184 2077 1336 2155 materia
1369 2080 1535 2185 abrepto,
1576 2102 1601 2154 e
1629 2079 1735 2155 culm

118 2203 200 2279 vala
223 2199 348 2276 omniu
375 2222 506 2299 cuprea
535 2202 573 2279 dr
600 2199 746 2276 stanneo
775 2210 844 2275 etc.
919 2199 959 2274 ln
995 2199 1139 2275 stabulis
1176 2211 1253 2274 tam
1286 2221 1462 2298 equorum
1497 2222 1614 2297 quarn
1642 2220 1735 2297 pecu·

15 2368 21 2381 ae
120 2322 208 2397 dum
239 2319 433 2394 remotisa
459 2321 553 2399 tedio
576 2318 707 2415 tegulis
734 2319 882 2395 suenum
909 2339 1020 2395 omne
1044 2318 1199 2415 ejetium
1227 2318 1288 2394 eli.
1362 2317 1467 2414 Ignes
1488 2316 1526 2393 in
1552 2317 1640 2416 ipsu
1666 2317 1737 2393 hor·

118 2439 191 2517 reis
223 2437 391 2524 excitati,
439 2438 491 2517 in
523 2450 562 2517 vt
589 2438 763 2520 uolturno
792 2450 955 2537 tempore
996 2438 1119 2519 omnia
1146 2440 1273 2518 erdere
1301 2438 1491 2523 crederes.
1546 2442 1588 2518 dr
1623 2439 1735 2517 hones

118 2560 158 2645 ἃ
187 2557 332 2639 liubula.

215 2794 336 2876 Pridie
361 2818 470 2897 quem
491 2792 732 2881 discederent,
770 2818 823 2870 ro.
852 2793 1026 2873 nimirum
1062 2794 1233 2875 Decemb.
1265 2797 1313 2873 de
1340 2788 1444 2875 nodie
1471 2818 1561 2874 cum
1594 2794 1675 2894 ipss
1696 2793 1733 2869 td

120 2918 231 2995 sedes
244 2916 479 3023 scloprdurius·
498 2913 799 3012 (Schielshlitte)
823 2938 952 2990 omnes
973 2939 1042 2991 uos
1063 2915 1180 2991 secum
1204 2916 1405 2999 abduxere.
1425 2914 1571 3014 suitque
1593 2918 1645 2992 ibi
1668 2936 1734 3014 per·

121 3038 360 3118 nudandum,
386 3034 500 3110 tribus
531 3033 641 3111 solum
671 3034 865 3112 lenioribus
895 3033 934 3110 P.
960 3033 1101 3140 Εῗοαηηι
1132 3034 1247 3139 ⁴inies,
1279 3034 1318 3110 P.
1349 3034 1513 3136 Gregorio
1548 3031 1733 3120 lilinum&

121 3155 161 3231 P.
182 3154 321 3259 joanne
344 3156 493 3230 Martini
520 3155 670 3230 domum
692 3153 852 3230 remilsrs.
904 3155 1014 3228 ilaue
1035 3154 1147 3231 etiam
1170 3153 1316 3252 reliquis
1333 3157 1485 3231 domum
1509 3156 1649 3231 reuerti
1663 3177 1733 3229 con·

122 3274 253 3377 celsum
282 3273 348 3362 est,
372 3273 536 3375 exceptis
569 3273 609 3351 P.
628 3272 822 3375 Magno&
848 3271 889 3350 P.
915 3271 1091 3374 Anscsnm,
1114 3296 1206 3372 quos
1227 3276 1347 3352 secum
1368 3274 1535 3375 captiuos
1567 3276 1660 3355 vltra
1683 3273 1732 3349 ab·

121 3392 315 3475 duxerunt.
1439 3429 1441 3434 v

217 3655 275 3711 22·
302 3629 390 3709 Dec.
452 3627 613 3708 Nuntius
644 3630 837 3729 Wolsrggio
860 3631 907 3708 ad
931 3652 1000 3706 nos
1031 3630 1153 3708 missus
1177 3654 1286 3708 mane
1313 3629 1409 3708 circe
1444 3631 1577 3710 horam
1604 3631 1729 3709 tertiam

123 3749 289 3833 aduenit,
328 3748 494 3824 indicans
531 3774 660 3825 omnes
686 3752 886 3825 Suecorum
917 3751 1117 3826 exercitum
1141 3749 1179 3827 iu
1208 3751 1427 3850 propinquo,
1459 3752 1620 3829 nimium
1644 3751 1729 3829 Lec-

121 3867 211 3944 lircl
240 3872 277 3947 dr
308 3869 477 3968 erdsee,
505 3867 604 3943 stare.
663 3871 782 3952 Quare
805 3892 920 3966 ocyus
942 3870 1145 3947 conuasetis
1164 3870 1295 3945 reculis
1321 3871 1392 3946 suis
1427 3873 1557 3948 Patres
1585 3870 1644 3947 elii
1669 3868 1728 3946 llu-

122 3986 353 4087 uenspurgnm,
391 3989 449 4065 alii
484 3988 723 4089 Constantium,
762 3988 823 4065 alii
849 3991 1091 4091 Brigantium,
1127 3990 1292 4066 nonnulli
1322 3990 1583 4091 Roschuciium,
1617 3984 1728 4087 reliqui

127 4105 386 4195 Veldir‘rcsrium,
416 4132 488 4208 quo
513 4106 591 4204 jam
621 4120 707 4181 ante
737 4107 894 4209 plerique
925 4124 1001 4187 tam
1024 4109 1155 4201 ,Patres
1183 4133 1294 4209 quam
1321 4108 1466 4188 fratres
1495 4110 1632 4209 proseffi
1657 4132 1727 4186 oon·

39 4292 45 4303 .
123 4221 305 4319 fugerant,
331 4226 366 4300 se
394 4229 589 4304 contulere.
637 4228 712 4304 Sed
734 4251 817 4305 cum
839 4242 1012 4327 occupato
1045 4228 1206 4327 sequenti
1228 4253 1324 4305 anno
1351 4229 1387 4305 iu
1416 4230 1509 4306 sesto
1538 4232 1647 4308 trium
1668 4230 1726 4302 Re·

121 4364 208 4439 gum
235 4343 435 4443 Brigantio,
459 4368 526 4420 nec
547 4347 681 4423 ibidem
711 4348 777 4423 tuli
810 4346 1054 4433 confillerent,
1087 4350 1125 4424 in
1152 4349 1319 4446 regiones
1341 4349 1519 4438 diuersas,
1548 4350 1723 4427 Heluetium

127 4458 295 4560 Tyrolim,
316 4462 482 4563 Sturium,
508 4463 737 4566 Sulisburgum
754 4482 813 4545 etc.
838 4465 976 4567 dispersi
1001 4469 1094 4547 sunt.

1511 4691 1718 4787 'me
