3736 5160
651 218 1074 315 *owner
1283 250 1286 257 ·
1604 234 1680 312 aee

86 402 147 481 rio·
168 401 289 479 fiterit.
340 396 901 493 Anno15p4.·Abbasnoller‚
941 397 993 472 nil
1021 394 1096 471 tale
1126 394 1340 482 umbratus,
1375 393 1543 508 oCnmile
1566 390 1685 469 Porcia

86 523 201 601 uncio
223 519 426 619 Apostolico
452 512 521 590 has
549 515 706 592 Litteras
729 516 887 613 accipit:
913 514 1128 593 Admodum
1151 515 1364 591 Reuerende
1392 512 1575 590 Domine!
1611 512 1685 588 Ne·

86 643 197 720 tium
215 637 437 719 visitationis
464 635 503 712 dr
528 634 811 713 Reformationis
829 634 1038 712 monasterii
1062 633 1098 711 S.
1127 635 1253 736 Blusn',
1277 635 1361 711 laus
1392 634 1493 716 Deo,
1520 654 1618 707 nime
1635 654 1685 706 eo

86 763 269 839 eunoun
291 758 359 844 est,
382 766 424 833 et
450 752 613 829 laborum
643 755 843 830 nostrorum
877 757 1021 833 uberem
1051 753 1295 849 exspestemue
1329 755 1495 833 frustum.
1558 751 1684 827 Motae
1824 794 1828 811 ι

86 883 205 959 tidem
230 880 377 956 fuerunt
403 878 440 953 dr
466 872 645 968 oppostae
671 875 844 971 plurimae
869 872 1126 957 Difficultates,
1152 883 1314 950 attamen
1339 872 1441 947 Deus
1462 893 1528 945 eas
1552 889 1683 945 omnes

86 1021 212 1083 roos
234 992 411 1081 remouit.
435 991 473 1068 dc
495 991 653 1088 Sopiuit.
712 991 794 1068 Vna
813 990 937 1067 adbuc
958 991 1083 1079 restat,
1115 992 1296 1087 adquam
1323 990 1525 1067 tollendam
1557 987 1685 1064 Domi·
1804 1042 1806 1046 -

86 1119 216 1199 tionis
242 1114 378 1195 vellrae
405 1109 600 1212 subsidium¹
613 1108 824 1208 expetitura
859 1122 901 1187 ut
922 1110 1055 1188 scilicet
1077 1133 1162 1187 cum
1190 1109 1309 1187 nullus
1339 1109 1378 1187 in
1411 1109 1482 1184 hoc
1503 1107 1683 1187 Monate·

86 1266 99 1315 t
130 1228 314 1317 habeatnr
337 1229 556 1325 Religiosus,
585 1228 652 1327 qui
673 1229 711 1302 in
735 1228 876 1325 Regula
896 1231 940 1306 S.
957 1229 1147 1309 Benedisli
1166 1227 1307 1327 perfesde
1329 1227 1375 1303 fit
1400 1229 1569 1314 edoctus,
1602 1227 1683 1302 nul·

86 1378 201 1455 mque
228 1353 435 1452 primamne
456 1348 659 1443 Religionis
681 1348 807 1446 praxin
833 1347 993 1437 habeat,
1019 1362 1060 1428 rt
1081 1347 1176 1423 alios
1202 1348 1282 1427 suos
1309 1347 1520 1423 Confratres
1543 1345 1590 1422 ad
1621 1367 1684 1425 ve·

86 1498 140 1555 m·
167 1470 404 1551 Monosticam
436 1467 550 1545 vitam
585 1468 785 1555 adducere,
824 1471 864 1547 dr
903 1466 1065 1562 religiose
1096 1467 1269 1545 instruere
1306 1465 1435 1564 pellit,
1470 1465 1683 1542 Dominatio
1844 1460 1852 1481 ⁶

86 1596 169 1675 stra
191 1616 257 1690 pro
279 1587 445 1684 singulari
469 1587 529 1661 suo
554 1609 638 1683 erga
662 1586 890 1681 Relim'onem
915 1584 1001 1661 Zelo
1024 1588 1065 1665 dr
1088 1585 1316 1663 humanitate
1337 1610 1389 1660 ex
1403 1586 1600 1689 reformato
1620 1585 1683 1660 suo

86 1711 275 1793 onnstmio
298 1709 451 1803 alicujus
472 1707 566 1784 dom
599 1710 637 1785 dt
670 1721 754 1784 uere
783 1705 936 1801 religiosi
966 1706 1143 1784 monachi
1175 1728 1325 1806 operum
1357 1728 1421 1801 per
1452 1706 1566 1788 duos,
1605 1716 1682 1781 trec

86 1844 297 1933 equatuor
319 1829 461 1905 Menbs
484 1824 617 1901 illibati
644 1827 683 1905 dt
705 1823 917 1903 Conuentui
939 1824 1027 1901 huic
1046 1826 1250 1903 concedere
1273 1846 1350 1898 non
1378 1836 1562 1917 granetur.
1625 1823 1681 1899 Ob

86 1952 164 2051 rjus
197 1949 392 2037 absentiam
416 1969 465 2021 ne
498 1944 611 2022 cultui
637 1944 766 2022 diuino
797 1944 837 2019 in
869 1967 1102 2043 quocumque
1128 1943 1362 2028 detrahatur,
1396 1938 1574 2021 ‹lebderat
1602 1940 1681 2020 Ab·

86 2096 121 2149 te
140 2070 232 2147 hinc
253 2068 303 2149 nd
327 2064 625 2141 {inminationem
652 2061 803 2141 vestram
826 2060 949 2138 alium·
962 2062 1001 2138 in
1026 2061 1161 2141 divims
1184 2065 1292 2140 rebus
1312 2061 1574 2149 exercitatum.
1611 2063 1680 2138 Di-

86 2214 174 2289 rgoe
201 2188 363 2265 edesium
388 2183 583 2260 remittere.
636 2180 698 2259 th
724 2203 810 2259 vero
838 2205 908 2259 nos
935 2182 1098 2261 animum
1126 2184 1174 2260 ad
1192 2181 1390 2261 emeritum
1411 2181 1681 2259 Dondnationis

86 2308 201 2385 eslrae
211 2304 369 2387 Priorem
386 2324 486 2383 nunc
502 2299 730 2388 .Cellarium-,·
750 2299 897 2387 Virum,
925 2315 965 2381 ut
989 2305 1190 2391 credimus,
1214 2304 1379 2386 doctum
1403 2301 1527 2405 pium,
1551 2302 1681 2399 prasti-

86 2450 143 2505 ιιι
164 2448 209 2501 ac
235 2425 277 2501 in
303 2421 494 2516 Religione
516 2419 770 2495 confirmatum
797 2420 1053 2512 Sacerdotem,
1087 2446 1131 2498 ac
1162 2421 1186 2497 fi
1220 2421 1255 2503 is
1287 2445 1432 2518 operam
1465 2423 1563 2499 suam
1592 2447 1682 2520 pau·

86 2570 184 2624 »rum
208 2541 388 2623 Menfium
411 2540 449 2614 in
472 2539 642 2615 nactam
672 2541 792 2636 piare
819 2540 988 2619 omnium
1024 2543 1161 2643 optime
1190 2541 1356 2639 praestare
1391 2540 1513 2636 pellit,
1547 2539 1681 2636 adjeci·

86 2688 137 2757 ue
150 2690 167 2751 ς
193 2665 246 2740 ita
268 2662 379 2744 etiam
404 2659 583 2757 elegimus
608 2659 702 2754 apud
723 2681 792 2732 uos
815 2659 974 2757 alipuem
1004 2663 1041 2736 in
1066 2663 1164 2739 illius
1190 2661 1310 2737 locum
1340 2658 1604 2748 sufficiendum,
1634 2687 1682 2741 ex

86 2786 158 2883 rjus
180 2779 455 2861 conuersatione
482 2776 578 2855 nibil
608 2777 757 2850 omnino
789 2776 832 2852 sct
859 2780 1118 2879 metuendum,
1134 2838 1138 2843 -
1154 2780 1385 2877 sperandum·
1422 2760 1547 2867 tanim
1578 2779 1681 2860 illum

86 2902 129 2981 >st
157 2902 261 2979 suum
282 2923 330 2975 ex
361 2892 623 2991 Weingarteusr
644 2892 860 2969 llllonallerio
886 2898 1044 2977 reditum
1069 2897 1248 2995 optimum
1276 2898 1354 2973 fore
1382 2897 1523 2975 nostrae
1554 2899 1681 2981 Refor-

86 3019 233 3098 rationis
250 3030 506 3095 executorem:
547 3012 677 3110 Capax
695 3012 807 3089 enim
835 3015 975 3091 videtur
1004 3016 1216 3113 Disciplinae
1254 3014 1292 3097 dr
1326 3039 1413 3113 prae
1444 3019 1597 3095 caeteris
1632 3023 1681 3101 ad

86 3166 137 3217 un
164 3138 409 3237 recipiendam
432 3132 636 3231 dispositus,
670 3143 710 3208 vt
742 3130 805 3230 qui
830 3133 996 3231 Dilingae
1010 3133 1118 3235 ”apud
1143 3138 1268 3215 Patres
1289 3135 1487 3213 Societatis
1505 3137 1596 3236 jecit
1616 3141 1681 3223 ho·

86 3282 102 3335 e
129 3257 315 3336 dotlrinae
343 3276 557 3355 morumque
581 3252 831 3333 fundanenta

213 3492 282 3571 De
305 3495 437 3571 eadem
459 3517 497 3570 re
527 3490 652 3569 scribet
675 3490 774 3567 idem
794 3490 832 3569 S.
854 3486 961 3567 Blasii
982 3491 1124 3583 Abho.
1154 3499 1196 3575 dr
1220 3517 1289 3593 ego
1312 3492 1406 3574 forte
1429 3517 1681 3593 rotomagum

86 3637 100 3690 c
122 3611 265 3687 litteras
288 3613 440 3693 Abbatis
462 3614 627 3689 reddam.
679 3611 812 3705 Negari
837 3622 959 3687 autem
982 3609 1024 3689 id
1046 3616 1239 3691 commode
1261 3639 1337 3691 non
1357 3615 1479 3715 poffit‚
1502 3639 1585 3693 cum
1605 3616 1682 3725 jam

86 3730 266 3808 nstillime
288 3733 462 3807 'Domino
497 3731 618 3806 nestro
655 3728 918 3826 scripserimus.
958 3756 1026 3806 nos
1051 3732 1121 3808 boc
1146 3734 1221 3829 jam
1249 3757 1342 3830 pene
1370 3759 1393 3810 a
1419 3734 1680 3811 Domination'e

86 3850 172 3933 estra
198 3850 396 3929 obtinuisse.
458 3849 581 3931 Faciet
603 3851 716 3926 etiam
738 3850 780 3926 in
803 3849 876 3927 lucc
897 3848 977 3923 Deo
999 3850 1137 3948 optimo
1167 3853 1328 3931 maximo
1359 3858 1396 3929 dr
1418 3855 1458 3928 S.
1482 3854 1681 3933 Beneditto
1842 3894 1845 3905 ·

86 3968 291 4061 ratillirrpum
319 3968 542 4068 obsequium,
570 3970 666 4065 quod
687 3967 725 4046 δι
742 3967 805 4044 suo
826 3988 911 4075 erga
931 3954 1160 4064 Religionem
1186 3970 1274 4045 reto
1300 3972 1606 4069 correspondebit,
1642 3976 1682 4052 dr

86 4088 144 4163 uic
167 4078 384 4165 Monallerio
408 4091 477 4162 erit
498 4086 727 4167 vtililbmum
784 4088 895 4187 ldque
914 4112 983 4164 noc
1011 4087 1139 4164 nostris
1173 4089 1302 4166 officiis
1337 4113 1562 4191 quacumque
1594 4093 1682 4169 data

86 4205 253 4285 locabone
276 4205 499 4284 studebimus
522 4204 759 4307 compensare.
820 4208 971 4284 interim
991 4206 1203 4285 Dominatio
1233 4208 1346 4305 ,vestra
1377 4210 1596 4288 foeliciffime
1619 4235 1680 4290 va·

86 4342 140 4403 at.
196 4326 335 4403 natum
357 4327 395 4401 in
415 4325 632 4404 monasterio
657 4324 693 4404 S.
717 4326 827 4429 Blasti
854 4339 913 4412 28·
938 4326 1146 4406 Decembris
1169 4350 1272 4426 1594.
1334 4326 1548 4408 Admodum
1567 4332 1615 4411 R
1636 4330 1681 4411 D.

86 4444 193 4522 estrae
218 4446 482 4525 adcommoda
507 4444 746 4544 paratissimus
780 4445 1002 4545 lsimmprnus
1028 4446 1144 4523 Comes
1168 4450 1211 4527 dr
1237 4448 1357 4532 Persic
1385 4446 1552 4530 Nuncius
1581 4452 1681 4552 Apo

86 4564 211 4645 olicus.

1526 4687 1684 4791 uptun
