3742 5160
130 226 199 315 ¹84
750 217 1172 313 affimat

391 392 724 483 CASPARVS
770 397 1017 482 SHIEGG
1061 397 1266 484 ABBAS
1310 397 1481 488 XXVI.

219 551 366 632 Eleum
395 552 447 629 est
478 553 540 628 hic
571 554 692 631 Abbaa
727 578 823 630 anno
855 576 960 654 1477.
993 552 1053 629 die
1083 577 1140 648 19.
1165 554 1265 651 May.
1296 553 1343 630 lic
1374 552 1413 630 in
1441 552 1569 631 Miffali
1599 551 1757 653 antiquo

125 670 176 751 M.
202 671 241 749 S.
267 670 482 750 adnotatum
507 670 673 769 legimur.
739 674 839 753 Eum
865 696 951 749 vero
976 671 1159 769 resignasse
1183 672 1378 752 Abbatiam
1411 673 1473 748 die
1511 697 1566 769 ¹3·
1597 671 1756 768 Augusti

124 812 222 871 anno
249 815 354 889 149¹·
375 790 478 869 testis
492 790 545 868 est
560 791 1060 870 instrumentum²Elesiionis
1077 791 1297 869 Hartmanni
1320 790 1537 893 Srrccelloria¹
1561 792 1602 871 ot
1621 814 1757 890 quam·

122 908 183 988 uic
205 909 329 1008 opinio
352 909 429 1006 jam
456 910 565 1007 vulgo
589 925 734 1007 recepta
756 911 816 996 fit,
853 912 949 988 Eum
972 911 1105 988 eodem
1132 932 1229 985 anno
1261 919 1296 991 6.
1329 909 1554 1009 Septembris
1584 910 1756 987 Mortali-

123 1041 240 1108 tatem
260 1028 412 1116 exuisse,
437 1052 614 1107 coaeuum
636 1041 759 1106 tamen
778 1030 1035 1126 Neorologium
1058 1029 1158 1106 diem
1178 1025 1298 1104 obitus
1312 1027 1484 1105 distinttis
1506 1029 1625 1106 verbis
1640 1028 1756 1110 Diem

123 1150 312 1230 Nonarum
342 1148 569 1245 Septembris
598 1149 719 1248 ponit:
759 1158 793 1224 ia
827 1150 1007 1243 VigiliaS.
1035 1144 1169 1240 Magri,
1202 1146 1335 1242 inquit.
1375 1150 1451 1222 unt
1487 1149 1600 1245 caspar
1629 1141 1753 1245 Slrr‘egg

121 1264 212 1364 lorus
235 1269 354 1344 simili
376 1264 486 1343 Aruas
515 1288 616 1364 ¹4⁹¹·
667 1264 795 1346 Caussa
818 1266 1033 1344 discriminis
1056 1265 1188 1344 eadem
1210 1265 1278 1342 esse
1301 1262 1417 1342 forsan
1446 1266 1598 1366 poterit.
1634 1289 1756 1368 quatu

121 1389 224 1490 supra
248 1385 425 1486 suspicati,
452 1387 491 1466 st
516 1396 558 1466 vt
580 1385 749 1470 arbitror.
773 1388 970 1486 prudenter
992 1385 1126 1463 sumur.

217 1609 339 1689 Prima
369 1619 479 1708 atque
512 1602 675 1684 maxime
705 1605 898 1684 necessaria
926 1604 1037 1706 hujus
1070 1603 1227 1686 Abbatis
1258 1626 1345 1681 cura
1374 1601 1459 1690 sirit,
1502 1613 1544 1684 vt
1578 1604 1754 1689 aedificia

121 1705 238 1830 nuper
261 1731 300 1805 ln
323 1721 465 1805 cinereo
488 1725 632 1804 raram
654 1722 952 1815 restaurarentur,
992 1750 1104 1827 quare
1126 1748 1215 1803 mox
1235 1724 1297 1802 die
1324 1724 1476 1802 Veneris
1507 1726 1584 1822 post
1613 1714 1758 1807 Pente*

119 1852 260 1937 ousian.
286 1848 326 1925 id
346 1845 432 1935 eslf·
427 1868 506 1943 30.
531 1846 624 1944 May
647 1844 761 1922 datis
768 1846 816 1922 ad
845 1846 1002 1945 Vlmapsrr
1023 1838 1171 1952 litteris,
1204 1841 1327 1942 petiit,
1360 1854 1400 1920 vt
1429 1842 1531 1922 snum
1554 1861 1623 1982 pro
1647 1836 1753 1928 'aeri-

119 1970 262 2048 lic'auda
291 1963 449 2045 Ecclesia
478 1963 745 2043 Architetlum
753 1963 987 2052 mitterent.
996 1966 1036 2042 in
1064 1964 1152 2042 fello
1180 1961 1351 2060 Corporis
1385 1960 1563 2039 Chrilli
1551 1985 1600 2040 rn·
1616 1966 1751 2047 Vincis

119 2088 347 2176 adfuturum,
370 2084 515 2184 aoqooli
529 2084 578 2162 ari
596 2082 692 2161 hanc
706 2080 809 2162 diem
832 2085 895 2163 alii
917 2106 1061 2186 qouque
1082 2080 1237 2183 operarii
1257 2080 1364 2158 citati·
1380 2080 1682 2180 exspettuentur.

161 2324 167 2333 '
214 2309 269 2388 At
291 2304 384 2385 haec
409 2329 483 2383 non
511 2302 583 2381 sola
607 2307 648 2386 oc
668 2328 741 2384 vna
763 2305 881 2383 caussa
903 2304 990 2390 fuit.
1015 2328 1086 2402 qua
1110 2303 1271 2404 optimus
1296 2304 1404 2381 Pater
1427 2303 1522 2382 inter
1542 2309 1748 2405 angustias.

117 2427 234 2507 immo
257 2427 351 2505 inter
374 2425 547 2503 malleum
571 2424 804 2502 &incudem
834 2424 1129 2503 constitueretur..
1188 2424 1315 2501 Sixtua
1346 2425 1405 2503 IV.
1434 2425 1748 2523 rapacardinur

119 2544 289 2634 tironensi
329 2543 587 2622 Monalierium
631 2543 901 2641 Weingartense
928 2542 967 2621 in
1009 2543 1267 2623 commendam
1288 2542 1523 2628 concessant.
1561 2547 1651 2625 ausu
1668 2548 1749 2628 Cu·

117 2668 194 2749 tiae
218 2687 390 2745 romanae
421 2676 501 2741 tum
526 2661 617 2741 haut
640 2660 891 2764 insequenti..
950 2661 1138 2762 Rea'quoe
1153 2660 1328 2739 ¹fusiorem
1343 2664 1437 2739 heic
1466 2662 1745 2762 Expositiouan'

119 2797 287 2869 meretur.
337 2782 482 2863 Bullam
502 2781 614 2881 ipsam
637 2781 847 2865 Leitoribus
869 2782 1059 2879 legendam
1082 2787 1258 2882 propono,
1282 2805 1376 2882 quae
1398 2781 1483 2859 talia
1506 2783 1579 2862 eu:
1615 2822 1618 2827 ,
1680 2816 1685 2823 ·

104 3048 113 3067 ·
212 3008 340 3087 Sixtur
368 3002 562 3104 Episcopus
602 3001 739 3085 Senius
767 3004 963 3084 Seruorum
997 3004 1066 3083 Dei
1100 3004 1238 3083 Dilesto
1265 3005 1357 3082 Filio
1394 3007 1490 3082 Petro
1521 3007 1579 3083 tit.
1616 3009 1745 3093 Sacili

119 3128 216 3213 sixti
240 3128 449 3227 presbytero
475 3122 660 3201 Cardinali
695 3119 906 3223 rupuar
925 3124 1121 3221 vulgariter
1148 3138 1376 3222 nuncupato,
1401 3125 1552 3205 salutem
1579 3128 1621 3209 st
1642 3130 1746 3231 Apo·
1778 3188 1790 3199 .

119 3250 277 3329 llolicam
301 3242 609 3323 Benedirriorem.
666 3242 825 3320 Romani
849 3241 1036 3320 Pontificio
1061 3243 1290 3342 prouidentia
1309 3244 1581 3343 circumspeila,
1624 3248 1652 3324 s
1639 3271 1746 3346 agn·

118 3368 165 3447 lir
187 3363 368 3444 Eccleiiis
403 3365 440 3441 δι
470 3359 695 3439 ilonasteriis
724 3386 818 3461 quae
852 3363 1095 3440 vacationum
1125 3361 1359 3440 incommoda
1384 3365 1560 3461 deplorari
1589 3368 1743 3445 noscun-

119 3500 195 3572 tur.
228 3496 268 3563 vt
295 3483 587 3562 Gubematorum
617 3482 756 3558 utilium
789 3482 1003 3573 fulciantur,
1040 3480 1207 3581 prospicit
1239 3482 1411 3581 praesidio
1442 3483 1656 3578 diligenter,
1694 3474 1744 3573 ἂ

118 3607 271 3684 sanum
293 3602 479 3676 Romanae
502 3596 680 3676 Eoelesrae
703 3601 973 3691 cardinalibus,
998 3614 1038 3679 vt
1063 3603 1298 3700 expensarum
1319 3623 1430 3678 onera
1458 3626 1552 3702 quae
1575 3604 1675 3701 ipsos
1694 3609 1743 3689 dc

119 3722 323 3801 necesitate
347 3716 460 3796 subire
483 3730 626 3817 oportet
647 3718 789 3796 facilius
820 3720 991 3819 inportari
1024 3719 1187 3805 valeant.
1229 3721 1382 3798 libenter
1406 3733 1512 3817 prout
1539 3743 1744 3819 congruum
1769 3752 1773 3759 ·

119 3846 158 3924 st
186 3844 320 3918 decens
346 3837 398 3913 eli
418 3838 465 3912 ‹le
492 3838 738 3914 subuentionis
768 3840 902 3916 auxilio
926 3840 1092 3940 prospicit
1117 3852 1304 3939 oportune.
1377 3840 1474 3917 Cum
1501 3839 1625 3940 imque
1654 3843 1743 3921 ficut

119 3961 324 4062 accepimus
339 3956 594 4032 lllonnsterium
620 3957 799 4031 Sannorum
824 3959 963 4034 Martum
989 3960 1552 4058 Episcops,&01walrliMnt)rir
1574 3969 1609 4036 in
1635 3964 1743 4041 Wcia·

115 4094 227 4177 gar-rm
251 4076 396 4154 Orus.
420 4075 626 4161 Beneditli,
660 4076 918 4152 constannens.
950 4077 1108 4156 Dioeces.
1137 4080 1208 4158 Cui
1234 4081 1350 4158 bonae
1376 4078 1574 4156 memoriae
1598 4078 1742 4180 Jadm

119 4199 225 4300 ipsus
252 4192 457 4273 Monallerii
483 4191 626 4279 Abbaa,
665 4196 754 4272 dum
789 4195 996 4275 uiueret&
1028 4196 1263 4297 praefidebat.
1302 4223 1366 4300 per
1389 4198 1538 4277 Obiturn
1568 4199 1741 4298 eiusdem

118 4313 266 4418 Jndoci,
302 4311 365 4410 qui
391 4324 495 4388 extra
520 4313 724 4390 Romanam
761 4312 910 4390 Curiam
933 4314 1098 4394 debitum
1124 4331 1276 4395 naturae
1308 4318 1497 4419 persoluit.
1536 4321 1742 4410 metuerit.

120 4442 158 4518 ά
184 4440 273 4510 aurat
291 4434 332 4504 nl
352 4433 503 4528 prorsam.
579 4429 658 4508 Noc
688 4431 809 4508 eidem
835 4432 1060 4510 monasterio
1092 4439 1139 4513 de
1169 4438 1421 4515 Gubematore
1448 4438 1650 4520 secundnm
1676 4462 1741 4521 oor

118 4553 276 4632 nostrum
315 4547 391 4624 atili
420 4546 460 4624 lic
487 4547 639 4641 idoneo,
689 4572 754 4650 per
789 4570 901 4650 quem
938 4553 1188 4655 nummipetle
1216 4556 1318 4665 regi.
1356 4558 1396 4639 st
1416 4555 1600 4636 sulubriter
1631 4560 1741 4659 dirigi
