3736 5160
129 353 249 437 tenobii
286 354 346 431 seu
378 350 569 451 quisquam
603 346 800 445 preposrtus
830 344 1019 423 memorati
1055 342 1126 418 loci
1165 339 1275 436 huius
1304 337 1421 437 scripti
1455 338 1735 427 stabilimentum

131 474 310 573 transgredi
341 487 407 549 aut
430 470 623 566 infringere
648 466 865 554 tentauerit,
899 465 1110 542 Arrathema
1138 460 1198 547 fit,
1234 460 1326 536 latia
1351 462 1400 535 est
1427 461 1518 537 haec
1545 464 1737 542 confirma·

135 598 289 673 tiranno
320 591 513 667 Dominice
542 589 720 664 incarnat.
757 584 940 662 MCLXX.
977 583 1100 658 India.
1125 581 1181 655 lll.
1247 579 1305 653 Ex
1343 582 1581 680 antiquilirmo
1609 585 1735 663 Millali
1821 594 1824 599 '

138 714 220 797 libro
240 708 408 799 Holenli,
433 713 492 787 cui
514 690 627 785 ettam
652 705 910 782 calendarium
943 703 1140 803 praclarum
1173 700 1243 786 est,
1283 722 1330 773 ex
1353 723 1424 797 quo
1449 706 1658 800 Genealogiarn
1680 714 1736 781 (Jo-

140 847 220 914 otoo
239 829 521 926 Buhhornerrfiam
550 828 663 904 tantis
691 826 793 902 uotis¹
811 826 854 899 ab
877 823 1095 900 Auaorrnus
1118 816 1212 913 Orig.
1238 818 1355 893 Guelf.
1378 823 1593 917 expetitam,
1618 826 1739 902 redin·
1854 820 1862 827 ”

140 958 333 1055 regrabimns
356 951 561 1051 aliquando.
636 948 765 1024 Annos
795 944 1018 1021 Praelulatus
1048 941 1140 1015 vltra
1167 961 1302 1013 annum
1330 953 1431 1022 1180.
1464 945 1669 1038 protraxisse
1692 970 1740 1022 ex

74 1160 90 1183 .-
140 1072 218 1160 dilli's
239 1076 399 1155 videtur.
447 1069 558 1147 Diem
573 1066 741 1147 ultimum
758 1067 888 1143 habuit
904 1066 944 1141 ll
970 1066 1055 1142 Idus
1077 1061 1216 1138 Oiiobr.
1232 1059 1295 1144 seu
1311 1082 1367 1165 14.
1385 1059 1549 1157 ejusdem
1566 1065 1712 1143 Menfis,

455 1349 1402 1467 manuauousnnnnsx.

208 1572 455 1667 Summopere
480 1567 757 1643 commendatur
787 1567 848 1646 hic
875 1564 940 1643 Vir
968 1584 1050 1636 cum
1080 1583 1102 1635 a
1131 1561 1395 1659 Catalograplno
1432 1574 1509 1641 tum
1532 1562 1645 1644 etiam
1672 1571 1747 1648 Ne·

124 1697 264 1793 orologo
293 1688 437 1765 nostris.
510 1691 681 1764 Camerarb'
709 1710 842 1765 munus
872 1681 1137 1759 studiofiffimus
1173 1681 1233 1755 hic
1270 1682 1474 1758 Monachus
1506 1687 1569 1761 diu
1592 1686 1630 1763 dc
1662 1662 1747 1765 cum
1784 1766 1787 1770 ,

116 1822 268 1897 herrore
296 1808 418 1907 gelbt,
456 1808 527 1884 hoc
557 1820 680 1884 autem
708 1806 819 1884 officii
857 1801 1044 1882 monastici
1085 1823 1202 1895 genus
1235 1799 1273 1874 in
1311 1802 1418 1877 Libro
1445 1805 1589 1880 Ordinis
1618 1806 1655 1881 S.
1685 1804 1750 1884 Vi·

113 1936 227 2019 dloris
256 1926 456 2031 pariliensts
483 1929 537 2002 ita
561 1927 788 2003 describitur:
830 1922 887 2003 Ad
917 1921 1044 2017 ubsrum
1071 1925 1239 1993 Camararr'r‘
1266 1929 1420 2016 pertineat
1448 1949 1550 1999 omnes
1582 1933 1684 2027 canstrs
1708 1931 1751 2018 ἐξ

115 2064 242 2135 raditur
269 2048 454 2141 Monalirrr'i
466 2046 534 2139 flua
560 2050 596 2121 da
625 2050 732 2135 Villis,
745 2046 813 2140 flur
833 2051 869 2121 da
893 2050 1008 2128 terris,
1023 2039 1090 2134 frua
1113 2045 1149 2113 dr
1174 2039 1385 2128 Molmdiais,
1412 2042 1480 2136 stae
1508 2053 1544 2121 de
1567 2056 1640 2125 nlttr
1663 2056 1753 2123 robur

125 2174 328 2275 mammo,
359 2178 400 2243 art
423 2168 481 2265 ipse
504 2178 634 2264 ternpore
658 2169 775 2271 flaura
799 2170 959 2263 perquirat
983 2163 1026 2249 ἐξ
1050 2164 1196 2256 recipiat,
1235 2160 1331 2257 apud
1365 2163 1417 2240 du
1441 2163 1576 2247 Fresne
1606 2168 1753 2249 Gloliar.

132 2290 234 2373 Τ.ΙΙ,
257 2296 293 2389 p.
308 2300 365 2385 38.
417 2286 593 2362 Maximis
617 2284 705 2375 sois,
730 2310 823 2385 quae
847 2286 918 2359 hoc
944 2302 1094 2356 munere
1116 2280 1380 2367 commaneret,
1417 2286 1559 2364 Meritis
1584 2294 1625 2366 od
1651 2294 1755 2368 Atro-

126 2422 209 2491 trm
222 2418 382 2511 proclam
406 2407 537 2509 rfl,srd
556 2409 657 2507 posteo
682 2404 827 2502 depofiros
848 2412 970 2501 quirat.
1029 2400 1131 2484 Quae
1153 2401 1260 2477 verba
1284 2401 1462 2504 scriptoris
1487 2410 1595 2486 nostri
1622 2412 1668 2487 irc
1700 2412 1758 2489 in·

123 2542 326 2632 terpretor,
362 2550 450 2603 eum
475 2524 628 2635 eieltum
653 2526 801 2623 quidem
825 2525 941 2609 fuille,
976 2531 1017 2598 vt
1046 2519 1171 2598 Abbas
1196 2522 1315 2613 fieret,
1359 2527 1416 2602 sed
1440 2531 1559 2627 postea
1582 2556 1671 2609 mox
1695 2535 1759 2609 de·

125 2652 365 2759 prehenium,
404 2646 519 2744 ipsum
546 2668 610 2740 per
635 2644 853 2723 senestutem
881 2643 1189 2740 repuerascentern
1226 2645 1285 2736 (vt
1305 2647 1452 2744 quidem
1474 2650 1583 2727 nostri
1609 2654 1761 2744 adnota-

129 2772 245 2885 mnt)
269 2768 362 2846 huic
382 2766 474 2841 haut
496 2777 621 2859 aptum
643 2764 711 2841 elie
736 2765 894 2849 muneri,
927 2764 1084 2858 ideoque
1111 2761 1216 2836 facile
1241 2764 1384 2839 confilio
1418 2768 1580 2847 Fratrum
1611 2774 1761 2869 adquie-

135 2892 225 2973 vitre.
293 2886 396 2965 Sane
418 2882 550 2982 proprii
575 2876 743 2959 Nominis
770 2878 954 2960 'Abbatem
981 2882 1074 2956 Eum
1107 2903 1307 2979 numquam
1339 2886 1437 2961 soille
1472 2890 1670 2987 colligitur,
1715 2918 1763 2970 ex

141 3004 366 3103 lle'crologiis
382 3000 623 3083 ·Zwifuldensr
655 3003 693 3080 dr
721 3002 858 3092 nostro,
895 3003 1026 3101 quibus
1056 2996 1203 3078 Munatii
1230 3010 1373 3079 tantum
1396 3007 1434 3084 ἃ
1458 3012 1644 3097 camerarii,
1687 3037 1762 3089 non

148 3142 259 3211 antem
281 3124 424 3211 Abbatr'r
450 3124 596 3199 Nomen
626 3123 721 3197 tulit.
762 3150 794 3199 2.
820 3122 981 3201 Ostobris
1006 3120 1043 3195 in
1070 3128 1222 3218 utroque
1242 3122 1437 3220 adscriptus
1459 3128 1606 3224 legitur,
1641 3133 1678 3211 in
1698 3159 1766 3211 no.
1860 3100 1863 3105 ⁵

152 3251 210 3329 hro
229 3248 324 3327 haec
346 3254 540 3321 notantur:
569 3242 783 3340 Marquordur
810 3247 1003 3318 Camerarius
1028 3267 1059 3314 rr.
1082 3266 1109 3313 c.
1134 3266 1176 3315 nr.
1196 3249 1295 3345 plura.
1310 3250 1445 3323 redemit.
1474 3292 1522 3307 -
1552 3254 1669 3350 tofirprr
1691 3262 1765 3333 coli·

74 3424 76 3471 :
156 3396 207 3449 aar
227 3368 356 3445 aarum
379 3366 480 3447 arra,
525 3363 568 3449 δ’
590 3364 747 3458 fitrrrplrun
779 3388 894 3437 amorra
929 3355 1119 3457 sarcophaga·
1151 3366 1276 3459 rnp'orr‘s
1302 3376 1371 3439 etc.
1447 3370 1479 3445 V
1481 3372 1516 3447 bi
1548 3373 1767 3472 sarcophagi

158 3490 305 3569 Nomine
334 3482 435 3565 venit
459 3479 572 3572 Capsa
596 3480 810 3559 Saouorom
834 3482 993 3580 reliquiis
1023 3482 1208 3558 seruandis
1236 3494 1368 3582 aptata.
1419 3486 1502 3565 Hoc
1521 3491 1620 3569 sensu
1649 3497 1769 3573 scribit

143 3606 358 3689 biotanatus
386 3604 428 3678 l.
445 3607 479 3679 b.
504 3624 538 3701 p.
557 3613 614 3699 78.
647 3603 743 3698 apud
769 3603 818 3677 du
843 3602 976 3678 Fresne
1005 3602 1108 3677 Tom.
1128 3602 1187 3680 Vi,
1215 3603 1360 3683 Glossar.
1412 3608 1638 3711 Sarcopirogum
1662 3627 1766 3714 iugra-

163 3738 211 3811 lan
232 3732 272 3805 od
296 3724 491 3845 bahdrndur
518 3723 697 3831 Samiorum
723 3728 866 3817 reliquiar
891 3726 927 3797 de
951 3733 1074 3818 argento
1089 3721 1194 3815 facit..

245 3963 323 4044 Nisr
350 3958 473 4049 fallor,
505 3961 537 4035 is
562 3959 632 4057 ipse
656 3959 722 4048 eli,
764 3959 825 4058 qui
856 3960 1056 4038 etiamnum
1085 3961 1182 4039 inter
1212 3964 1366 4044 Cimelia
1391 3969 1565 4057 sensatur,
1601 3970 1772 4068 gemmis,

166 4085 373 4187 laminisque
403 4081 522 4157 aureis
550 4080 643 4157 miro
670 4080 823 4155 artificio
853 4079 1066 4169 elaboratis,
1100 4080 1281 4181 lapidibus
1305 4089 1447 4187 insuper
1475 4093 1636 4188 pretiofis
1663 4092 1776 4172 etiam

167 4204 313 4303 srgillatis
342 4198 538 4295 effulgens,
554 4221 679 4301 ¹quem
706 4199 880 4278 balianus
911 4202 1178 4279 credideramus
1206 4204 1276 4279 elle
1306 4210 1453 4303 Capellam
1481 4209 1580 4288 illam
1603 4209 1775 4311 Jnarrao,

74 4404 77 4417 ,
168 4328 205 4403 de
225 4332 297 4427 qua
320 4322 562 4397 Monumenta
598 4319 725 4394 nostra.
800 4322 983 4407 Quamdiu
1008 4323 1123 4401 vitam
1149 4327 1381 4422 protraxerit,
1422 4329 1480 4407 vel
1507 4355 1578 4429 quo
1600 4332 1713 4412 Anno
1734 4334 1776 4411 fit

168 4460 345 4529 mortuus,
369 4460 452 4517 cum
474 4437 764 4549 ignorantill'rrnis
791 4439 927 4537 ignoro.

1001 4656 1041 4740 H
1293 4771 1301 4785 ‚
1576 4670 1783 4753 wona-
