3736 5160
664 213 1094 320 emme
1272 222 1275 227 ’
1625 240 1701 321 ιιι

158 394 319 507 Operam
344 390 457 496 quum
480 395 686 476 Patamitas
705 409 770 478 tua
795 402 901 481 nobis
924 403 1116 502 poliuetur,
1139 408 1182 482 vt
1208 403 1371 483 amicitia
1394 396 1491 483 inter
1515 426 1610 492 nos,
1634 427 1701 480 nc·
1826 342 1831 370 Ι

96 538 225 616 rosque
251 516 385 594 fratrea
419 519 587 619 vtrinque
623 523 824 610 contraite,
858 523 1062 601 constanter
1095 525 1257 615 colabit,
1302 527 1460 603 eandem
1489 522 1700 612 offerimuaa

96 660 129 713 o
159 636 233 713 hoc
249 638 354 715 nobis
375 639 539 719 exhibito
564 640 685 718 officio
712 643 848 738 gratias
869 644 1069 741 condignas
1092 658 1258 743 agentes,
1284 649 1325 728 dt
1343 645 1370 722 ii
1386 668 1451 748 per
1475 643 1699 771 occasionem

96 757 154 836 im
171 758 334 848 licuerit,
362 764 512 839 easdem
541 759 711 840 habituri.

162 977 348 1062 Quoniam
381 1001 467 1056 vero
498 978 546 1054 ad
583 981 715 1063 tertium
747 979 948 1081 Septembris
979 980 1064 1059 diem
1093 978 1194 1084 noss'ri
1217 980 1330 1082 templi
1361 980 1513 1098 Emenso
1546 938 1700 1101 celebra·

96 1120 167 1181 us,
195 1098 241 1175 ad
265 1099 396 1176 eadem
422 1121 569 1199 quoque
588 1098 733 1177 Fratres
760 1100 895 1190 nostri,
928 1100 1059 1200 aliique
1090 1100 1200 1181 amici
1233 1106 1483 1192 conueniunt,
1522 1117 1700 1198 magnum

96 1227 163 1294 rte
185 1216 225 1293 in
249 1242 317 1295 nos
340 1242 363 1295 a
388 1217 612 1296 paternitate
632 1230 698 1296 tua
725 1220 940 1299 beneficium
971 1221 1142 1300 collatum
1173 1221 1443 1310 arbitraremur,
1486 1221 1600 1300 srvel
1626 1221 1700 1298 hoc
1798 1296 1800 1300 ,

96 1361 105 1409 ι
133 1337 267 1415 eadem
289 1338 514 1415 Paternitate
541 1351 606 1416 tua
635 1338 830 1437 impetrare
857 1340 1054 1440 possemus,
1104 1354 1145 1421 vt
1171 1340 1294 1419 eidem
1331 1347 1454 1446 nostroe
1483 1330 1699 1419 Dedicotioai

96 1471 128 1534 rt
152 1462 320 1559 vocant)
341 1458 505 1536 interesse
528 1481 613 1535 cum
637 1458 737 1546 aliis,
758 1485 853 1562 quos
869 1462 999 1538 charos
1021 1463 1149 1552 habet,
1175 1463 1382 1558 praesertim
1395 1452 1494 1542 “vero
1520 1485 1607 1540 cum
1630 1460 1700 1540 Rr-

96 1580 203 1656 rende
232 1580 379 1657 Domim
407 1577 543 1660 Abbate
573 1577 782 1680 Petrafimo,⁸
808 1607 883 1658 non
912 1585 1178 1681 dedignaretur.
1245 1581 1425 1680 cupimus
1454 1594 1579 1661 tamen
1613 1591 1699 1658 ante

96 1700 139 1780 tri
176 1700 375 1788 certiores,
401 1722 510 1801 quam
543 1700 746 1779 paternitas
768 1714 832 1779 tua
851 1704 1010 1790 venerit,
1037 1704 1171 1803 quoin
1194 1726 1345 1781 omnam
1367 1713 1544 1782 euentum
1571 1724 1700 1801 parare

96 1844 130 1899 >a
155 1822 352 1923 possimus:
388 1822 487 1921 quod
509 1818 602 1898 fiad
628 1845 698 1897 nos
723 1825 793 1921 (vt
820 1820 1024 1921 speramus)
1049 1825 1175 1902 venire
1203 1824 1370 1900 animum
1399 1822 1526 1912 habet,
1565 1824 1701 1922 poterit

96 2008 99 2019 .
127 1966 275 2043 quoque
298 1965 363 2042 par
382 1939 606 2019 occasionem
625 1941 786 2019 Domino
809 1942 948 2020 Abbati
970 1944 1165 2021 Petrnsano
1182 1936 1396 2040 significare,
1422 1944 1486 2044 qui
1512 1945 1584 2044 (ut
1611 1967 1700 2021 con·

96 2065 236 2162 dimus)
262 2062 405 2141 itineris
436 2061 553 2140 socius
575 2061 694 2138 suerit.
744 2062 852 2149 Quod
872 2060 899 2138 sr
917 2063 1016 2142 hanc
1034 2064 1192 2142 nostram
1220 2065 1474 2142 invitationem
1501 2066 1699 2145 fraternam

96 2183 247 2282 coeperit
265 2186 400 2270 amice,
436 2185 544 2282 eique
578 2182 813 2269 satisfecerit,
847 2184 953 2262 firmo
979 2184 1163 2263 amicitiae
1189 2184 1335 2263 vinculo
1367 2208 1460 2280 nos,
1488 2183 1698 2284 nostrosque

96 2318 198 2381 atres
225 2303 285 2383 sibi
313 2307 511 2382 deuinciet.
562 2302 670 2381 Hisce
694 2303 823 2383 ualeat.
861 2304 930 2380 Ἐκ
957 2304 997 2384 S.
1026 2306 1142 2411 Blosto
1161 2329 1196 2401 3.
1213 2305 1305 2412 Julii
1332 2328 1438 2404 1595.
1461 2297 1700 2385 Reuerendae

96 2426 299 2507 aternitatis
322 2441 407 2502 tuae
427 2427 555 2503 Frater
581 2425 620 2504 dr
647 2425 804 2505 Amicus
830 2424 1007 2527 Casparus
1031 2427 1158 2505 Abbas
1180 2428 1300 2528 Mppr.

154 2644 324 2723 Similem
351 2667 494 2743 quoque
524 2645 839 2723 Permutationem
868 2633 965 2720 inter
991 2643 1151 2721 nostrum
1183 2645 1223 2722 dc
1259 2643 1497 2722 Alexandrum
1523 2645 1699 2724 Andecau-

96 2793 127 2841 m
144 2764 310 2847 Abbates
324 2764 527 2860 contigisse,
553 2789 600 2841 ex
624 2766 694 2841 hac
715 2765 872 2865 Epistola
888 2764 1072 2844 discimus.
1110 2765 1186 2841 Pax
1204 2764 1335 2841 Christi
1355 2772 1395 2861 e)
1419 2764 1611 2842 nobiscum
1627 2776 1698 2840 etc.
1754 2859 1757 2865 .

97 2887 280 2989 dmodum
313 2885 565 2971 Reuerendo
553 2907 592 2961 m
615 2884 758 2962 Christo
789 2887 909 2961 Pater.
975 2885 1173 2962 Aduentus
1209 2884 1345 2961 Fratris
1380 2887 1436 2961 tui
1472 2883 1699 2987 Ciristopbori

96 3006 189 3084 ieter
202 2982 295 3084 mihi
313 3019 501 3105 pergratus
521 3004 604 3082 fuit.
653 3009 753 3080 Loco
773 3003 854 3101 ejus
873 3006 1000 3093 mitto,
1007 3004 1071 3108 R.
1098 3004 1157 3082 Fr
1174 3003 1347 3112 oJoormem
1366 3005 1553 3110 Boutistom
1572 3004 1699 3105 Moesi·

96 3154 184 3212 ram,
210 3126 248 3203 in
269 3126 445 3227 quemR
466 3124 682 3201 paternitati
716 3137 802 3203 tuae
832 3147 983 3203 omnem
1018 3125 1232 3223 potestatem
1257 3125 1370 3213 facio,
1408 3126 1580 3227 speroque
1610 3132 1700 3203 eu‘m
1766 3200 1767 3204 t

96 3271 114 3323 ι
136 3248 173 3327 se
197 3247 395 3342 gesturum,
420 3259 461 3327 vt
495 3269 564 3321 nec
590 3245 828 3322 Reuerendae
860 3246 1077 3323 Paternitati
1100 3255 1203 3335 tuae,
1236 3269 1306 3341 nec
1333 3246 1403 3323 suis
1428 3244 1600 3322 onerosus
1632 3242 1696 3331 srt,

96 3371 233 3444 ramuis
269 3368 465 3483 aliquando
496 3365 659 3462 indigeat
687 3363 837 3441 stimulis
871 3369 910 3444 dr
935 3365 1130 3445 Diresiore.
1193 3368 1301 3453 Quod
1328 3365 1353 3441 fi
1383 3365 1592 3442 salutaribus
1620 3389 1696 3442 non

96 3488 170 3587 [uie
173 3488 301 3574 sceret,
334 3490 371 3567 dt
398 3487 500 3562 labor
521 3510 588 3585 pro
617 3485 677 3560 ilio
705 3483 945 3583 assumptus'
932 3485 1054 3561 inanis
1080 3486 1283 3573 videretur,
1310 3509 1538 3585 quocumque
1565 3485 1626 3562 die
1653 3507 1696 3559 ac

96 3632 229 3706 mpure
253 3609 438 3685 remittere
456 3607 600 3705 poterit.
645 3604 696 3683 Et
715 3630 776 3683 me
799 3608 913 3683 etiarn
932 3607 1173 3686 Reuerendae
1196 3607 1413 3686 Paternitati
1427 3619 1513 3684 tuae
1530 3603 1695 3705 precibus
1808 3590 1814 3606 ’

96 3708 322 3805 :Sacrificiis
351 3729 456 3807 ualde
475 3728 715 3815 commendo,
756 3727 794 3805 dt
817 3728 1036 3805 Reuerendo
1063 3721 1223 3807 Domino
1245 3728 1381 3808 Abbati
1406 3725 1636 3813 Petrufiano‚
1670 3723 1696 3802 st
1831 3778 1837 3787 ·

96 3849 186 3929 [huc
205 3848 397 3927 vobiscum
416 3848 487 3935 eii,
513 3870 562 3923 ex
589 3870 650 3922 me
677 3845 855 3923 Salutem.
910 3846 951 3923 In
973 3847 1117 3927 Christo
1144 3851 1264 3926 ualeat
1317 3850 1363 3924 R.
1388 3846 1594 3924 Paternitas
1618 3858 1692 3923 tua.

96 3969 234 4046 'ardea
220 3997 255 4044 ιιι
270 3969 389 4045 Monte
411 3968 581 4063 Sortitus
604 3966 767 4046 Oiiobris
791 3966 901 4044 Anno
919 3970 992 4055 dre.
1016 3984 1076 4064 93
1130 3970 1176 4049 R.
1201 3967 1438 4110 paternitatis
1452 3979 1538 4044 tuae
1560 3967 1695 4045 studio-

96 4090 212 4171 fimus
233 4088 294 4167 Fr.
308 4089 507 4168 Alexander
526 4086 646 4166 Abina
667 4087 833 4205 indiguus,
1380 4144 1383 4149 .

159 4306 408 4401 Ann01599·
439 4313 497 4385 ab.
532 4304 695 4384 Otiobris
726 4304 852 4384 Abbas
888 4302 1007 4381 noster
1033 4304 1079 4381 ab
1107 4303 1310 4384 Alexandro
1343 4302 1478 4382 Abiutr
1510 4300 1693 4404 Andeceasr
1748 4386 1757 4404 ἡ

96 4431 226 4507 itteras
253 4427 420 4527 accepit:
466 4426 588 4503 denuo
611 4429 655 4510 ei
675 4425 875 4503 Praemiiss
843 4448 965 4523 rpro
987 4423 1113 4501 habita
1136 4449 1220 4503 cum
1245 4426 1314 4503 suis
1342 4426 1524 4504 Fratribus
1547 4422 1691 4499 Patien-

96 4547 268 4647 agratiis
291 4547 339 4625 fic
364 4549 503 4647 pergite
544 4524 651 4625 iti>
677 4544 816 4659 jasium
837 4530 1064 4654 designatum
1088 4544 1156 4625 esso
1180 4544 1316 4627 muare
1340 4547 1419 4625 Dii'
1398 4571 1587 4667 rugarum,
1616 4568 1692 4621 non
1821 4603 1831 4619 ,

901 4664 1007 4763 Rrs
1332 4773 1335 4777 Ι
1421 4714 1429 4723 ,
1490 4664 1689 4759 dubito,

103 4765 260 4854 e).-Tom
275 4785 327 4853 ²9·
352 4763 383 4855 s.
406 4767 479 4855 561.
