3736 5160
695 230 1125 325 *moe
1649 247 1726 324 34*

96 408 351 501 ira-adiuuare
371 429 414 483 ac
432 404 650 505 prouehere,
668 408 713 489 u
736 408 784 484 ad
811 408 999 504 Regularis
1020 406 1228 508 disciplinae
1248 395 1514 485 obsemantiam
1544 404 1636 481 alica
1657 402 1720 481 sibi

96 526 381 607 ommittendoa
403 527 513 606 verbo
536 526 575 603 δε
602 526 781 625 Exemplo
811 528 954 603 erudire
983 528 1106 605 debita
1132 526 1319 625 vigilantia
1348 526 1555 603 allaborent.
1605 523 1728 603 trouu·

96 646 242 727 scissim
270 669 379 723 curae
395 645 484 730 erit,
509 654 549 721 vt
565 646 705 723 interea
726 646 917 744 temporie,
941 646 1029 737 dum
1049 671 1156 734 nuru,
1176 670 1285 743 quam
1304 644 1549 731 intendimus,
1573 640 1722 720 Febrim

96 768 337 847 ardumum
354 765 573 848 deducatur,
598 765 824 841 conueniens
839 776 883 840 ac
899 766 1094 842 commoda
1114 764 1195 859 ipsis
1214 764 1410 852 habitatio,
1437 775 1650 860 caeteraque
1671 760 1724 839 ad·

96 888 227 965 istam
244 885 283 963 dc
300 883 467 961 uestitum
489 880 681 959 oeceillrria
700 882 844 960 abunde
861 884 1114 961 ministrentur.
1139 883 1246 960 Sicut
1258 894 1383 960 autem
1405 882 1483 958 aR.
1496 877 1721 957 Pateroitane

96 1008 120 1081 ἱ
141 1004 244 1081 huic
261 1003 400 1079 nostrae
419 1001 602 1098 petitioni,
628 1013 752 1100 utpote
772 1024 864 1100 quae
883 1003 993 1081 solum
1018 1003 1134 1080 diuini
1155 1002 1325 1079 Nominis
1351 1001 1521 1098 gloriam,
1546 999 1725 1093 Sacrique

96 1121 365 1201 aduniamur·
379 1120 674 1220 propagationem
692 1121 825 1199 arreua
838 1119 906 1210 est,
929 1120 1084 1218 benigne
1099 1122 1262 1198 delatum
1283 1121 1327 1197 iri
1344 1119 1584 1213 confidimuaa
1605 1119 1660 1195 ita
1673 1117 1720 1193 ab

96 1242 225 1319 adem
249 1262 316 1339 per
337 1240 492 1317 latorem
513 1238 751 1338 praesentium
772 1252 912 1316 certum
933 1242 1084 1339 desuper
1102 1239 1306 1339 responsum
1329 1238 1438 1315 auide
1461 1240 1728 1338 exspectamus.

96 1388 108 1439 r
142 1383 313 1460 eumque
331 1370 506 1435 euentum
530 1358 649 1452 (dum'
666 1368 789 1460 tamen
806 1359 851 1433 R.
878 1362 917 1435 P.
943 1361 1079 1438 vestrae
1103 1360 1201 1434 idem
1228 1358 1429 1456 placuerit)
1453 1380 1477 1432 e
1503 1356 1632 1435 nolin·
1654 1355 1742 1432 ali··

96 1502 218 1559 uena.
226 1476 313 1553 illuc
331 1476 495 1574 ablegare
513 1476 746 1553 constitutum
774 1479 840 1567 est,
866 1479 928 1577 qui
949 1503 1022 1555 non
1052 1476 1162 1555 solum
1187 1478 1230 1553 R.
1254 1476 1468 1553 paternitati
1494 1473 1719 1555 V.'·nosirara

96 1598 321 1676 oluntatem
346 1595 506 1695 pluribus
524 1595 732 1691 significet,
765 1597 961 1674 sedetiam
991 1597 1185 1694 Religidsoa
1218 1598 1319 1684 illos,
1350 1620 1443 1697 quos
1461 1596 1584 1674 eidem
1604 1594 1644 1671 Ρ.
1672 1596 1717 1672 V.

96 1740 157 1795 nc
183 1714 354 1811 ablegare
372 1713 550 1813 placebit,
573 1713 702 1791 nostris
721 1716 885 1812 expensas
907 1716 946 1791 in
968 1716 1099 1791 itinere
1120 1718 1289 1793 deducat.
1339 1718 1418 1794 uos
1441 1716 1480 1794 id
1502 1715 1618 1815 ipsum
1633 1722 1727 1811 erga*

96 1842 122 1915 t.
156 1834 429 1913 Paternitatem
459 1834 506 1911 V.
534 1845 637 1931 grato
661 1833 785 1910 animo
813 1835 938 1913 animo
972 1838 1225 1931 agnoscemus,
1260 1836 1455 1935 eidemque
1490 1835 1639 1911 interim
1668 1835 1719 1911 ad

96 1956 245 2057 uaeuu
264 1952 448 2031 amicitiae
478 1954 523 2031 δι’
543 1951 827 2030 Beneuolentiae
853 1952 974 2033 officia
1002 1976 1072 2030 noa
1093 1954 1350 2054 promptissime
1367 1952 1561 2032 osserimua.
1600 1954 1728 2055 Datne*

96 2101 123 2151 u
145 2072 315 2169 Ciuitate
334 2072 453 2149 nolira
478 2072 632 2183 Faddenffi
658 2098 691 2147 2.
711 2072 864 2167 Augusti
882 2076 994 2149 Anno
1013 2083 1117 2168 πῶς.
1139 2072 1381 2151 Reuerentiae
1398 2074 1534 2153 restrae
1555 2054 1719 2154 addistis

96 2195 210 2273 inme
234 2190 387 2299 {somnes
409 2188 605 2268 Bernordau
625 2187 747 2269 Abdus
767 2191 936 2297 Fuldeaſsr
962 2195 1079 2293 Mppr·
1292 2226 1295 2233 ·

188 2384 265 2487 1²0st
284 2382 462 2486 Scriptum.
526 2384 658 2470 Quodn
683 2384 815 2461 litteris
843 2384 946 2462 hisce
965 2385 1093 2465 nostris
1110 2387 1154 2462 R.
1178 2383 1411 2464 Patemitatin
1430 2386 1564 2465 vestrae
1590 2387 1718 2468 tibrim

96 2529 156 2605 pro
178 2506 305 2583 debito
325 2502 470 2603 praefigi
491 2527 564 2579 non
588 2506 726 2604 potuit,
757 2505 875 2583 amice
904 2498 1093 2605 rogamus,
1127 2506 1180 2585 vti
1200 2506 1245 2583 R.
1267 2505 1306 2581 P.
1331 2509 1374 2587 V.
1410 2509 1542 2587 bonam
1571 2509 1610 2585 in
1636 2530 1718 2606 par·

96 2638 168 2705 tem
196 2606 370 2723 suscipiat.
416 2622 613 2739 Speremus
632 2623 770 2701 etenim
793 2625 1005 2724 ampliorem
1030 2627 1177 2727 poslhac
1204 2625 1311 2703 nobie
1336 2627 1561 2707 occasionem
1588 2630 1725 2723 datum.

96 2745 156 2835 iri,
195 2766 393 2845 perquam
427 2764 511 2819 cunr
531 2741 575 2816 R.
598 2742 638 2817 P.
652 2745 696 2843 ,V
734 2744 910 2841 maiorem
935 2745 1026 2820 inire
1044 2745 1239 2843 notitiam,
1266 2743 1461 2844 eidemque
1491 2748 1718 2839 constantem

96 2860 281 2943 amictiam
303 2854 459 2939 nostram
487 2860 600 2959 reipsa
620 2861 781 2960 pluribus
805 2862 926 2939 modia
945 2862 1118 2941 exhibere
1143 2862 1339 2940 valeamus.
1388 2864 1440 2941 Et
1454 2864 1543 2945 ficut
1566 2868 1727 2957 omnino,

96 2984 312 3061 mnsrdimus
338 2982 384 3057 R.
415 2981 675 3059 l‘aternitatem
705 2983 748 3061 V.
779 2982 919 3073 nomae
957 2980 1127 3081 petitioni
1158 3004 1231 3058 non
1265 2994 1415 3077 grauate
1448 2985 1717 3089 concessuram

95 3103 148 3185 ita
176 3102 334 3207 viciffim'
348 3122 537 3197 rogamus,
563 3112 604 3178 vt
628 3098 866 3185 nobissima!
896 3100 1144 3181 uansscdberu
1168 3125 1243 3179 noo
1268 3092 1502 3199 dedignetur,
1535 3094 1726 3205 quaem}

96 3220 168 3301 illic
195 3245 261 3321 pro
290 3220 603 3299 Conuentualibua
630 3218 779 3297 renonem
807 3222 1061 3323 instruendorum
1092 3220 1136 3297 ot
1151 3220 1270 3311 -ratio,
1290 3234 1394 3319 ,aaa
1421 3247 1472 3301 an
1490 3226 1635 3331 frugalis
1659 3227 1728 3327 sai!
1806 3222 1809 3227 ’

97 3338 161 3419 cibi
189 3340 391 3443 separatim,
445 3365 492 3417 an
524 3362 611 3416 vero
635 3338 761 3435 aliquot
786 3339 935 3439 personis
952 3341 1054 3441 fimus
1078 3343 1115 3415 ia
1139 3338 1355 3435 communibus
1378 3346 1503 3442 patinis
1537 3348 1726 3447 miu'firmfg

98 3475 179 3550 rar,
213 3474 253 3535 vt
275 3472 437 3546 mature,
470 3461 508 3538 dr
527 3470 613 3534 ante
632 3459 831 3535 aduentam
861 3458 1013 3557 ipsorum
1041 3460 1237 3553 necessaria
1263 3462 1457 3560 Suppellex
1491 3463 1597 3561 juxta
1609 3554 1613 3563 ¹
1637 3488 1730 3557 mm,

96 3602 174 3657 reor
202 3581 242 3655 ia
267 3578 482 3655 monasterio
515 3575 629 3654 vestro
650 3577 823 3655 hasteous
841 3578 1085 3666 obseruatum,
1108 3581 1287 3677 procurari
1306 3582 1419 3680 possit.
1467 3584 1546 3662 Nec
1573 3585 1730 3663 dubitet.

96 3694 362 3799 RPaternitas
386 3698 499 3774 vestra
526 3719 596 3771 noa
621 3696 668 3772 ad
690 3696 761 3773 hoc
781 3697 890 3773 omni
922 3719 992 3796 ope
1016 3697 1221 3786 annisum,
1253 3712 1295 3777 vt
1313 3725 1388 3778 non
1411 3702 1525 3783 solum
1546 3707 1727 3801 personae,

96 3815 170 3921 buc
201 3817 440 3915 defignandae
463 3814 569 3893 statui
595 3814 658 3891 suo
680 3825 918 3911 congruenter
944 3816 1104 3907 alantur,
1134 3819 1194 3895 sed
1222 3819 1335 3899 etiam
1365 3820 1462 3908 hoc,
1495 3826 1595 3922 quod
1620 3847 1643 3898 a
1668 3826 1727 3915 R„

96 3936 322 4019 paternitate
347 3936 461 4015 vestra
486 3934 687 4032 speramus,
717 3934 895 4021 beneficia
912 3933 1036 4012 debita
1062 3938 1199 4036 semper
1222 3939 1444 4031 gratitudine
1471 3943 1716 4041 recompense-

96 4068 166 4137 tur.
216 4056 326 4137 Vtin
339 4054 428 4131 Litt.
450 4054 610 4153 Joanoes
630 4053 840 4132 Bernardua
861 4054 987 4135 Abbaa
1001 4054 1196 4134 Fuldensrs.
1227 4058 1346 4157 Mppr.

193 4290 383 4394 Responsio
409 4290 565 4369 Abbatis
592 4289 700 4367 nostri
722 4289 782 4367 liis
801 4290 873 4369 suit
897 4304 1074 4395 concepta
1091 4293 1237 4373 verbis:

96 4484 338 4567 Illustriffime,
365 4506 408 4558 ac
433 4462 736 4561 Reuerendiffime
761 4484 799 4561 in
829 4484 970 4564 Christo
998 4486 1126 4573 Pater,
1160 4486 1352 4587 Princeps,
1388 4512 1432 4567 ac
1452 4488 1611 4569 Domine
1643 4488 1729 4569 Do·'

96 4608 197 4685 mine
221 4603 539 4693 obseruandisfime.
1638 4708 1678 4785 111

1680 4734 1720 4785 u.
