3736 5160
167 394 442 494 litterarumque
462 394 606 482 studiis,
632 403 743 494 'atque
762 397 943 492 negotiis,
967 399 992 475 fi
1017 420 1110 497 opua
1134 393 1260 485 fuerit,
1288 416 1440 496 operam
1468 400 1629 489 nauent.
1661 391 1798 492 erigere

59 536 62 541 ·
167 518 323 593 decreui.
372 516 525 615 Jamque
547 516 593 591 ad
618 517 714 593 hanc
736 540 813 593 rem
842 517 980 617 aliquot
998 520 1173 595 domuum
1191 538 1237 592 ac
1259 516 1423 594 locorum
1443 508 1497 592 illi
1516 512 1797 603 Encleliaecon-

114 672 122 705 ι
168 638 349 734 tignorum
374 636 556 732 coemptio
581 638 673 712 satia
693 635 754 711 est.
812 628 888 713 Sed
911 639 1115 713 cumS.'.l
1135 639 1182 715 N.
1208 636 1400 717 Beneditli
1426 634 1543 733 gloria
1565 634 1793 737 propaganda

167 757 206 833 in
232 756 358 854 primis
383 756 428 830 ad
462 756 541 851 ejus
574 753 799 831 Alnmnoa'
784 776 865 851 Jure
896 756 1045 854 spetlet,
1079 756 1209 855 quaeso
1238 755 1536 835 Reuerendillimi
1569 755 1729 841 Patres,
1759 763 1792 834 rt

22 860 41 878 ⁸
168 888 311 957 tantum
328 901 420 976 opus
439 875 543 952 omni
568 874 704 973 pietate
729 876 989 973 perficiendum
1018 877 1171 961 curetis.
1202 876 1426 977 &sumptus
1450 897 1524 951 nou
1555 871 1699 961 nullon.
1735 873 1789 973 qui

168 996 372 1074 animorum
394 995 588 1075 vestrorum
608 1017 770 1071 amorem
789 1018 874 1091 erga
889 1018 1124 1073 communem
1139 999 1334 1074 Parentem
1350 1020 1425 1073 non
1444 993 1556 1081 modo
1574 991 1785 1071 demonstra·

167 1120 277 1202 bunt,
313 1137 440 1194 uerum
461 1112 619 1191 etlam
607 1134 644 1188 ur
675 1113 869 1192 vestrorum
901 1114 1202 1192 Monasterionrm
1236 1117 1430 1197 utilitatem
1461 1113 1621 1195 cedent.
1660 1112 1710 1188 ad
1732 1136 1779 1191 uu

167 1235 438 1335 quamprimum
462 1232 639 1309 destinare
662 1257 737 1309 non
762 1234 965 1330 negligatis.
1033 1235 1136 1332 Opus
1158 1235 1308 1335 quidem
1337 1234 1480 1319 facietis
1504 1254 1570 1330 pro
1595 1222 1712 1308 vestra
1733 1232 1777 1309 be·

167 1355 346 1450 nignitate
364 1352 508 1449 inssgoe
531 1375 576 1427 ac
599 1351 770 1429 omnibus
794 1354 920 1429 seculis
941 1353 1157 1449 gloriosum:
1200 1377 1317 1454 eoque
1339 1351 1572 1453 praesertim,
1604 1351 1703 1449 quod
1723 1350 1773 1431 lue

13 1556 27 1569 ,
168 1475 370 1570 Collegium
401 1472 571 1550 omnium
599 1472 646 1551 ad
678 1475 801 1550 vrbem
826 1473 1134 1560 admirantibus.
1165 1498 1212 1549 ex
1237 1471 1462 1551 monasteriis
1485 1469 1640 1558 vestris,
1668 1492 1769 1547 mour·

168 1595 248 1673 chin
272 1595 342 1671 erit
372 1592 573 1694 hospitiique
613 1603 723 1691 atque
753 1590 867 1670 etiam
891 1591 1092 1690 tljuuenes
1117 1616 1140 1671 a
1164 1593 1267 1671 vobis
1296 1594 1346 1670 ad
1376 1590 1493 1669 lludia
1520 1586 1659 1666 fuerint
1685 1589 1767 1681 niu.

166 1715 417 1795 humaniffime
452 1711 680 1812 recipientur.
754 1712 884 1791 Valere
916 1713 1212 1791 Reuereudillimi
1249 1714 1401 1795 Patren
1448 1709 1551 1812 plura
1572 1706 1766 1793 adscribam.

168 1859 272 1926 cum,
299 1858 390 1935 quas
411 1855 588 1911 unacum
611 1831 787 1929 largitatis
811 1832 960 1909 lubfidio
985 1833 1095 1911 auide
1117 1834 1280 1932 exsperto
1298 1831 1448 1917 velites,
1472 1827 1669 1928 aliquando
1690 1850 1765 1904 ame·

167 1979 266 2056 pero.
326 1952 450 2031 Rome
477 1975 525 2028 ex
548 1952 687 2028 Palatio
711 1951 917 2050 Apostolico
939 1976 975 2049 3.
1000 1952 1079 2030 Kal
1112 1953 1198 2052 Julii
1220 1953 1332 2032 Anno
1357 1947 1548 2029 Millelimo
1570 1943 1763 2026 Sexoentel·

169 2098 231 2159 mo
255 2072 563 2170 decimoquinto.
622 2071 849 2177 &stanneus
874 2071 1053 2179 cajetam
1077 2071 1264 2158 AblarS.
1293 2070 1459 2162 Boronti,
1491 2065 1762 2173 Congregatimlr

168 2193 345 2281 Cafineni
367 2190 453 2269 Orci
478 2191 516 2270 S.
539 2190 740 2271 Benediitl.

263 2432 349 2508 Non
373 2429 500 2508 multis
523 2380 670 2530 posthae
693 2431 775 2507 ania
797 2428 989 2508 sublilium
1014 2454 1158 2531 quoque
1189 2455 1264 2510 non
1289 2439 1368 2511 tam
1397 2426 1654 2532 pecuniam,
1680 2443 1760 2528 qum

168 2553 328 2631 virorum
353 2574 418 2649 pro
442 2550 640 2649 Gymnafio
663 2551 843 2651 primum,
869 2559 950 2627 tum
969 2551 1088 2628 etiam
1111 2552 1350 2650 profundata
1374 2575 1472 2630 anno
1499 2556 1607 2628 1622·
1624 2570 1645 2625 ι
1660 2543 1758 2624 Paride

166 2672 351 2757 Lodronio
374 2670 655 2770 Archiepilcopo
683 2668 920 2769 Vniuerlitate
944 2667 1204 2769 salisburgensi
1237 2673 1434 2772 petebam.
1501 2668 1567 2746 Sic
1589 2659 1760 2762 enirnSll·

168 2817 271 2869 rmnus
300 2791 442 2890 Herzog
463 2793 601 2890 absque
630 2790 702 2867 loni
726 2790 765 2871 ἅ
789 2788 876 2865 anui
899 2790 1140 2888 expreffione,
1163 2792 1222 2870 led
1245 2805 1344 2870 certe
1369 2790 1472 2868 Prior
1494 2785 1704 2866 Monasterll‘
1717 2780 1761 2860 Ol·

167 2909 321 2991 roborari
354 2908 428 2995 ,δι
458 2910 602 2987 Primus
631 2907 819 3010 Gymnafii
844 2908 1122 3006 salisburgenfis
1144 2936 1166 2989 a
1190 2912 1313 2990 Marco
1336 2910 1457 2991 Stiria
1486 2906 1634 2985 fundati
1663 2902 1761 2985 uetur

169 3056 227 3130 27.
261 3027 371 3130 Julii,
398 3052 516 3116 anno.
548 3040 590 3107 vt
615 3029 785 3118 ominor,
821 3036 926 3107 1⁶21.
942 3031 990 3130 ⁰)
1011 3032 1060 3109 ad
1093 3032 1294 3128 Georgium
1329 3031 1472 3111 Ralsler
1492 3022 1759 3105 'conuenmlen

168 3151 326 3229 nostrum
335 3155 393 3246 ιι)
418 3146 572 3247 scripsit:
597 3149 762 3227 Salutem
789 3137 983 3229 &Pacem
1013 3163 1083 3229 etc.
1107 3152 1323 3230 Reuerende
1345 3150 1476 3232 Pater!
1512 3146 1641 3225 namus
1657 3153 1757 3221 ωιιιιι

169 3268 361 3347 Scribendi
379 3269 605 3345 occafionem
629 3292 694 3368 pro
719 3268 835 3348 vetem
856 3268 974 3346 nostra
1002 3271 1259 3348 consuetudine
1280 3272 1397 3352 tribus
1421 3267 1543 3369 verbis
1566 3257 1758 3365 9110ῦὶῒῆ

3 3474 11 3491 .
169 3387 284 3465 lutare
306 3388 564 3466 Reuerentiam
591 3388 762 3478 vestram,
792 3389 851 3467 cui
873 3390 1078 3488 prosperum
1100 3414 1220 3469 rerum
1244 3390 1387 3473 suatum
1410 3397 1623 3485 Sucoellum
1641 3428 1686 3482 ex
1706 3394 1758 3479 ui·

169 3531 232 3586 mo
256 3530 391 3604 precor
453 3508 546 3586 Viuo
569 3530 640 3605 ago
662 3508 735 3604 jam
752 3522 881 3608 quarto
907 3532 1005 3586 anno
1031 3509 1127 3588 inter
1148 3522 1296 3589 montes
1321 3514 1518 3618 Salieburgi
1550 3525 1672 3617 liurena
1694 3514 1756 3619 opti

169 3650 231 3705 ma
255 3626 482 3713 valetudine,
512 3629 553 3707 ἀ
582 3628 725 3705 meliori
748 3650 864 3726 quarn
895 3652 1056 3728 uuquam
1083 3629 1200 3708 alibi.
1241 3630 1320 3710 Aer
1345 3638 1446 3716 euim
1473 3641 1512 3719 in
1544 3645 1611 3725 hie
1635 3642 1751 3747 paruit

169 3746 435 3842 Saluberrimur
458 3745 526 3830 est,
551 3768 622 3823 nec
642 3748 770 3823 desunt
793 3747 900 3825 nobis
928 3748 1021 3824 aliae
1053 3749 1334 3829 commoditates
1369 3751 1749 3863 necessarimm·

79 3914 88 3933 .
169 3888 254 3965 pem
287 3865 485 3953 habemus,
509 3864 574 3963 qui
603 3889 676 3942 nou
707 3865 854 3956 minus,
876 3890 991 3971 quarn
1028 3869 1257 3956 Antecellor.
1282 3873 1542 3969 Benedifflnua
1562 3885 1632 3973 eli.
1654 3854 1754 3965 uuo

167 3985 238 4065 lint
263 3985 411 4074 lauder,
432 3985 560 4063 omnia
588 3985 682 4063 bene
708 3983 914 4065 succedunt
971 3987 1103 4069 ,llnum
1119 3989 1188 4076 est.
1220 3994 1306 4090 qma
1334 3996 1499 4078 mirantur
1522 4028 1655 4095 oum,
1679 3988 1755 4081 nul

1701 4131 1756 4197 rum

207 4298 347 4378 'illam
365 4298 559 4386 auno1617.
582 4298 793 4387 &tutorque
813 4298 1042 4389 profeluress
1071 4310 1106 4370 vl
1131 4300 1216 4373 balei
1235 4303 1367 4396 &Ma
1390 4308 1599 4405 Vniwrfim
1624 4314 1753 4394 ΝΜ·

275 4424 364 4491 opera
384 4402 555 4488 Presbyteri
581 4406 618 4473 S.
639 4406 731 4494 Blafii
754 4406 845 4478 eim.

210 4554 355 4639 ΜΨ·
382 4551 713 4641 &ramsolam

210 4703 528 4835 *purorum
