3742 5160
634 246 1054 347 nomm*
1580 268 1650 327 aar

97 432 199 511 mino
222 433 335 534 Jein,
359 422 455 511 -tned
474 452 552 507 non
578 430 762 508 mandatis
788 427 936 516 nostris,
979 427 1055 507 imo
1086 416 1212 505 -verl'na
1246 424 1460 537 Apostolicls
1500 424 1653 516 tirmiter

97 553 292 631 idientiam.
367 549 628 629 Honorabilem
658 550 785 631 Virum
814 546 1033 625 Michaelem
1062 546 1196 625 maner
1230 549 1482 645 Presbyterum
1510 560 1652 645 praeta·

97 672 316 751 eDioecelis
336 674 384 749 ad
403 668 684 768 praeposituram
709 665 888 745 Ecclesiae
917 666 1125 764 collegiatae
1160 666 1197 741 in
1224 666 1496 745 Bettenbrunen
1533 669 1684 759 distad

97 774 218 869 iecesis
250 813 314 887 per
335 802 493 887 mortem
516 786 741 869 Venerabilis
763 786 842 867 Viri
864 784 1016 886 Johanis
1031 785 1162 862 Mulier
1189 786 1304 862 bonae
1319 787 1532 873 memoriae,
1556 786 1654 886 ejus·

97 908 326 987 nEcclesiae
347 908 571 1005 collegiatae
592 907 785 1007 Praeposui
805 904 941 991 ultimi.
967 928 1029 1005 per
1054 904 1283 1013 honorabiles
1299 906 1406 986 Viros
1434 908 1652 1005 Diepoldurn

97 1006 196 1113 elliu.
250 1026 454 1128 Johannem
486 1027 656 1116 Κιιιιιοι,
703 1026 963 1105 Berchtnldum
985 1023 1163 1123 Alwygk‚
1207 1030 1245 1104 &
1273 1024 1479 1125 Joliaimem
1513 1028 1653 1111 Binder

97 1152 244 1224 nonicos
286 1150 323 1225 dr
350 1144 559 1223 Consratres
593 1120 772 1221 antelatae
808 1142 989 1221 Ecclebae
1017 1142 1238 1239 collegiatae
1258 1149 1329 1221 rite
1354 1145 1534 1241 Legitima
1570 1174 1653 1227 vere

98 1266 237 1343 Deilice
264 1266 433 1350 ereetum,
476 1265 525 1342 ad
551 1288 644 1363 quos
667 1262 817 1363 quidem
842 1262 908 1364 Jus
936 1262 1184 1363 praesentandi
1213 1264 1456 1365 Praepositum
1477 1269 1525 1344 ad
1552 1266 1665 1368 prae-fl

97 1392 169 1465 tam
203 1382 485 1483 praeposituram
508 1382 616 1483 pleno
647 1383 865 1481 dignoscitur
893 1380 1072 1495 pertinere
1100 1380 1267 1480 Jnre-
1300 1386 1414 1461 nobis
1431 1408 1494 1483 per
1525 1410 1655 1493 eorum

97 1530 160 1584 ras
183 1530 246 1605 pat
231 1517 434 1582 t-entes
475 1502 739 1619 praesentatum
774 1504 822 1581 ad
855 1500 1088 1598 hujusmodi.
1111 1484 1391 1599 praeposituram
1425 1486 1576 1599 dignum
1611 1531 1656 1583 ac

99 1652 212 1703 neum
240 1636 444 1721 repertum,
474 1635 620 1721 recepto
645 1634 769 1701 tamen
801 1622 1040 1699 nihilominus
1062 1608 1107 1696 ab
1129 1618 1202 1717 ipsn'
1223 1620 1323 1719 prius
1348 1624 1515 1722 praestito
1540 1624 1655 1703 tideli-

97 1750 126 1823 is
104 1746 191 1823 a&
217 1741 445 1820 obedientiae
475 1742 704 1841 Jurameiitn,
753 1764 822 1817 nec
845 1764 920 1817 non
942 1740 1029 1839 Jura
1052 1738 1182 1817 statuta
1203 1754 1312 1839 atque
1336 1745 1583 1822 ordinationes
1613 1745 1658 1822 li·

97 1892 132 1943 rs
163 1870 201 1944 δι
224 1862 390 1937 honestas
419 1858 614 1959 Praepositi
644 1886 688 1937 ac
712 1859 873 1959 Capituli
900 1860 1018 1939 didiae
1041 1859 1241 1948 Ecclesiae.
1280 1860 1319 1939 δι
1342 1861 1381 1939 in
1406 1862 1567 1943 futurum
1592 1888 1657 1963 per

97 1982 282 2083 repositum
307 1980 348 2058 dr
379 1978 591 2077 Capitulum
605 1979 776 2067 ibidem,
820 1982 879 2057 vel
903 2002 968 2077 per
986 2000 1056 2053 nos
1082 1989 1148 2055 ant
1172 1979 1382 2059 successores
1411 1984 1549 2060 nostros
1571 1984 1659 2059 Dei·

97 2100 376 2199 ambegitime
403 2098 591 2187 statuenda
617 2100 656 2181 dc
679 2098 889 2185 innouanda
908 2097 1063 2177 fideliter
1088 2100 1244 2186 seruare,
1282 2116 1393 2199 atque
1421 2103 1459 2179 in
1487 2105 1657 2181 omnibns

97 2224 203 2307 idne,
244 2226 408 2317 bonaque
436 2216 616 2295 Ecclesiae
637 2216 849 2315 collegiatae
873 2216 1056 2319 praelatae
1082 2216 1235 2297 studiose
1258 2244 1304 2295 an
1328 2222 1552 2321 summopere
1581 2247 1658 2300 ma-

97 2366 215 2419 :eneie
243 2342 393 2427 debere,
440 2340 734 2436 praeseruareque
763 2341 802 2419 dr
829 2338 1058 2435 nequaquam
1083 2338 1260 2426 alienare,
1297 2338 1370 2417 sine
1394 2341 1478 2419 dolo
1503 2346 1542 2423 ἃ
1562 2340 1659 2419 sran-

147 2460 374 2537 Auiloiitate
401 2457 605 2555 Apostolica
628 2457 735 2533 nobis
761 2456 801 2531 in
822 2455 893 2532 hac
914 2469 1016 2555 parte
1036 2457 1232 2555 specialiter
1260 2461 1444 2537 commill'a
1466 2463 1659 2541 innellien·

97 2607 128 2659 ιι
157 2580 417 2655 instituendum
451 2579 486 2653 dr
518 2576 805 2653 confirmandum
832 2576 1025 2660 duximus,
1064 2592 1175 2676 atque
1197 2578 1434 2674 praesentium
1467 2594 1594 2659 tenore
1617 2583 1657 2659 in

97 2722 108 2777 ι
132 2698 317 2780 Nomine
348 2710 527 2794 qnantum
546 2695 758 2773 austeritate
778 2694 954 2792 praefata·
965 2694 1147 2792 possumus
1176 2694 1216 2773 dr
1235 2698 1411 2777 debemus
1431 2698 1658 2787 inueliimus,

97 2820 261 2897 ‚ituimus
290 2817 785 2901 &criminaremini
812 2813 1017 2893 animarum
1042 2814 1083 2891 dr
1107 2814 1330 2935 subditorum
1354 2819 1516 2914 regimen
1542 2821 1660 2899 uitae

97 2938 220 3015 :lenae
241 2936 452 3032 collegiatae
474 2934 537 3011 sibi
567 2934 852 3012 committentes.

135 3174 291 3272 ‘sibique
319 3173 475 3267 Decann
494 3168 656 3269 praefato
685 3110 814 3251 eadem
841 3168 1074 3249 Annonam
1094 3170 1301 3273 Apostolica
1327 3176 1545 3254 mandamur
1573 3198 1669 3279 quac

97 3320 151 3373 us
177 3293 350 3370 eumdem
374 3289 574 3367 Dominum
599 3288 817 3366 Michaelern
847 3289 981 3367 Krane
1006 3290 1044 3366 in
1073 3306 1159 3369 ante
1185 3293 1282 3369 latae
1303 3293 1512 3389 collegiatae
1539 3296 1663 3373 Eccle-

97 3444 129 3503 ι,
181 3412 393 3511 Jurinmque
418 3410 681 3509 pertinentium
712 3408 877 3515 omnium
913 3409 953 3487 dt
984 3408 1200 3505 singulorum
1225 3412 1360 3489 realem
1394 3413 1571 3495 annuam
1602 3422 1668 3497 ve*

97 3564 121 3613 n
143 3556 187 3608 ac
209 3531 431 3629 corporalem
453 3531 568 3605 ducas
593 3526 796 3604 intronisles
822 3528 861 3607 dr
879 3526 1036 3603 installes
1054 3530 1317 3624 possesionem,
1346 3532 1514 3611 saciando
1529 3534 1591 3615 fibi
1616 3536 1665 3612 de

97 3660 152 3733 {us
172 3650 351 3729 Ecclebae
364 3648 585 3743 collegiatae
607 3648 776 3725 smarnos
798 3649 1033 3744 prouentibua
1058 3651 1095 3728 dr
1117 3651 1321 3727 redditibus
1347 3652 1520 3731 censibus
1543 3657 1580 3734 dr
1600 3656 1665 3734 ob·

97 3771 276 3851 itionibus
305 3768 439 3845 debitis
469 3766 640 3846 uniuerhs
663 3789 708 3843 ac
722 3764 879 3861 ‘smgnlis
910 3767 1050 3861 integre
1079 3768 1301 3865 responderi,
1340 3784 1491 3870 atquea
1518 3774 1672 3852 subditis·

97 3918 116 3971 ι
145 3892 184 3967 in
213 3884 451 3986 spiritualibus
482 3888 519 3963 tir
548 3885 806 3983 temporalibus
841 3886 1086 3964 obedientiam
1117 3889 1420 3967 &reuerentiam
1449 3892 1591 3968 debitas
1627 3902 1669 3972 dr

97 4012 266 4107 idignas‚
315 4020 355 4082 vt
378 4004 490 4082 moris
514 4004 584 4091 est,
624 4003 807 4091 exhiberi,
848 4004 1020 4081 adhibitis
1064 4046 1116 4065 -
1166 4006 1227 4082 seu
1251 4008 1468 4087 adhibendis
1492 4010 1529 4087 in
1567 4011 1667 4088 talis·

97 4132 149 4207 idi
172 4128 364 4205 verborum
386 4123 546 4223 gestum
570 4121 843 4203 solennitatibus
859 4146 903 4201 ac
918 4124 1069 4203 cautelis
1089 4126 1224 4205 debitis
1244 4125 1357 4202 solitis
1388 4170 1438 4188 -
1469 4154 1512 4207 ac
1536 4130 1575 4207 in
1596 4128 1668 4208 liu·

97 4249 208 4328 imum
229 4244 307 4322 lieri
321 4244 512 4320 consuetis.
678 4258 681 4265 ’

142 4484 281 4562 Datum
306 4480 425 4557 nostro
460 4424 692 4555 incoanobio
716 4474 819 4573 supra
839 4477 953 4564 ueto.
989 4475 1060 4555 Die
1086 4487 1148 4575 4ta
1170 4478 1304 4557 Mensis
1331 4480 1575 4579 Septembris,
1606 4489 1670 4565 sub

97 4630 146 4683 no
186 4600 403 4697 Natiuitatis
435 4596 567 4675 Christi
594 4596 676 4697 Jelu
706 4596 815 4675 noliri
844 4594 1045 4793 Salugtpris
1082 4598 1272 4679 Millelimo
1312 4603 1672 4804 Quadrmgengffi
