3736 5160
113 194 168 286 64
721 182 1141 274 ωΥὟὝ*

218 370 353 449 Verum
378 373 418 441 vt
444 361 515 437 bec
539 359 738 436 obseruatio
765 358 927 435 tenatius
952 360 1140 453 roboretur
1163 357 1203 435 bt
1233 354 1373 433 firmius
1405 361 1583 432 teneatur.
1635 357 1730 439 Com

122 493 226 576 muni
251 485 397 564 confilio
420 497 528 580 atque
550 479 718 591 consensu
742 479 858 555 totins
883 478 1062 577 Capituli,
1095 480 1267 555 statutum
1297 476 1347 550 est
1369 474 1407 553 dc
1435 477 1588 574 presenti
1615 480 1730 575 pagio:

123 617 364 698 deciaratum,
404 613 443 679 vt
475 598 620 695 singulis
664 599 769 673 aunis
811 598 851 673 in
888 602 1001 694 sigilio
1037 605 1294 674 Arnmruiatr'ooir
1323 595 1367 693 3)
1407 594 1509 683 missa
1537 597 1666 674 festina
1702 601 1730 672 d

124 766 152 817 s.
178 756 299 813 nouum
326 724 523 801 celebretur
555 741 600 793 eo
630 717 799 794 videlicet
829 718 956 793 ordine
986 722 1022 796 dr
1047 731 1221 816 apparatu
1255 740 1326 817 quo
1360 736 1436 811 per-
1456 714 1629 793 circulum
1661 742 1730 799 ann

124 857 214 935 ficut
237 853 467 950 prenotatum
493 838 562 920 est,
588 837 624 911 in
652 838 792 913 sabbato
814 836 890 913 lieri
919 838 1124 927 consueuit,
1150 837 1259 934 idque
1284 834 1499 931 generaliter
1523 838 1730 913 obseruetur

125 988 167 1055 vt
199 974 237 1049 io
267 968 420 1065 signum
440 971 610 1060 perpetue
633 955 919 1033 confirmationis
951 968 1027 1034 tam
1055 958 1094 1034 in
1124 958 1267 1033 sabbato
1288 978 1399 1055 quam
1426 956 1464 1031 io
1486 955 1608 1052 vigilia
1631 971 1672 1033 vt
1696 958 1731 1031 di

126 1102 223 1177 stum
257 1087 306 1164 est
331 1077 624 1159 annunciationis
647 1075 775 1152 vinum
795 1077 964 1153 iratribus
989 1078 1026 1152 in
1056 1078 1244 1154 resetton'o
1270 1100 1371 1153 more
1401 1074 1501 1150 solito
1527 1077 1731 1175 propinetur

126 1216 202 1295 Sed
225 1234 272 1287 ne
295 1208 332 1281 in
357 1201 507 1278 dubium
533 1195 657 1274 veniat
680 1193 768 1292 quid
789 1195 865 1271 fieri
894 1197 1025 1272 debeat
1048 1195 1072 1271 si
1096 1198 1189 1272 sorte
1211 1195 1339 1272 festum
1362 1195 1660 1272 annunciationis
1687 1198 1731 1273 su

126 1337 207 1414 ioco
232 1321 401 1406 celebrari
426 1344 498 1395 non
524 1314 666 1414 poterit.
714 1314 832 1388 Caute
852 1316 1033 1413 prouisum
1056 1318 1130 1403 eli,
1154 1329 1195 1392 vt
1219 1337 1449 1414 quocumque
1478 1314 1538 1390 die
1568 1315 1606 1390 id
1627 1339 1731 1415 perag

128 1447 362 1533 conuenerit,
386 1437 552 1539 proximo
574 1435 804 1508 antecedenti
827 1436 888 1510 die
918 1448 993 1512 tam
1024 1438 1070 1513 de
1097 1434 1258 1512 sollemni
1282 1432 1421 1521 officio,
1441 1457 1550 1534 quam
1578 1432 1626 1512 de
1645 1437 1731 1512 exhi

127 1573 247 1655 benda
267 1564 434 1643 fratribus
456 1557 621 1633 liaritate
643 1552 834 1652 prescripta
852 1553 970 1632 forma
983 1570 1159 1632 teneatur.

80 1784 93 1803 ⁸
225 1806 309 1887 Hoc
343 1807 466 1877 antem
499 1792 586 1870 hnic
613 1791 860 1868 constitutioni
892 1795 1203 1892 superaddendum
1235 1794 1464 1889 putauimus,
1503 1792 1590 1891 quia
1616 1818 1732 1871 cumo

128 1956 208 2015 mm
242 1933 342 2008 &ex
375 1927 501 2015 antiquo
530 1915 736 2010 consuetudine
770 1913 806 1986 in
840 1914 986 2010 Capella
1013 1915 1176 2008 ejusdem
1203 1913 1350 2009 gloriose
1375 1914 1533 2007 Virginis
1561 1938 1583 1987 a
1612 1914 1732 1991 sucrili:

127 2058 248 2135 lumen
271 2045 380 2121 soleat
407 2033 592 2112 notiumis
622 2031 771 2108 accendi
809 2035 1032 2133 temporibus
1056 2058 1125 2108 nos
1159 2034 1272 2109 cultui
1297 2032 1540 2111 venerationis
1571 2037 1654 2129 ejus
1689 2036 1732 2112 sii

128 2174 217 2279 quid
256 2191 304 2247 ex
335 2159 453 2237 nostra
487 2153 684 2231 deuotione
717 2153 904 2251 cupientes
933 2155 1095 2242 adicere,
1144 2152 1333 2233 communi
1366 2153 1518 2229 fratrum
1547 2154 1732 2249 nostrorun

130 2288 298 2373 consensu
332 2304 375 2356 ac
406 2273 589 2375 sponsione
620 2273 865 2360 llooauiruus,
903 2284 943 2351 vt
975 2273 1103 2369 predio
1124 2275 1222 2370 quod
1255 2274 1292 2349 in
1318 2273 1555 2352 Lotimvilare
1584 2274 1733 2370 ejusden

129 2415 182 2495 tei
207 2406 309 2485 causa
332 2397 525 2496 specialiter
544 2393 849 2489 comparauimus‚
872 2391 1009 2466 sacriste
1023 2395 1216 2488 deputato,
1241 2396 1287 2470 ad
1306 2392 1419 2490 ipsum
1435 2416 1520 2468 cura
1539 2393 1610 2469 hec
1632 2398 1672 2473 dr
1687 2396 1732 2473 im

67 2554 76 2564 ’
128 2533 236 2637 pensa
261 2523 455 2627 pertineat,
495 2513 665 2612 quatinus
694 2534 717 2586 a
744 2535 855 2587 mane
884 2512 1071 2610 usquead
1104 2498 1379 2607 completorium
1406 2535 1470 2610 per
1498 2525 1619 2591 totum
1654 2514 1733 2595 dicu

131 2665 217 2732 ante
243 2647 353 2721 altare
374 2639 496 2714 lumen
526 2635 650 2710 ardere
670 2654 743 2705 non
767 2629 923 2715 desunt,
948 2629 1119 2729 idemque
1140 2631 1305 2727 predium
1330 2635 1427 2732 quod
1455 2634 1491 2708 in
1525 2634 1597 2709 hoc
1637 2661 1660 2713 a
1688 2662 1733 2715 no

129 2775 186 2855 bis
212 2771 426 2867 deputatum
450 2753 518 2832 esse
543 2751 738 2829 dinoscitur
763 2750 802 2825 in
827 2749 918 2827 alios
942 2752 1024 2827 vsus
1047 2750 1232 2827 transferri
1257 2776 1332 2827 uon
1357 2753 1477 2831 liceat.

229 3004 336 3096 Quod
365 2998 389 3075 ss
421 2995 502 3095 quis
526 2990 749 3091 presumptor
779 2998 844 3064 aut
867 2988 1055 3085 sacrilegus
1082 2986 1260 3067 diabolico
1301 2990 1466 3071 instinttu
1506 2993 1734 3075 voluntariun

128 3133 246 3213 nostre
267 3116 475 3203 denotionis
498 3112 613 3187 immo
636 3111 755 3186 tocius
778 3109 918 3203 collegii
940 3133 1092 3195 munus,
1120 3112 1355 3186 immaculate
1374 3111 1539 3206 genitrici
1558 3116 1734 3193 detraben

131 3266 239 3355 atque
263 3243 412 3322 aussorre
425 3231 677 3329 temptauerit,
707 3228 895 3304 Carbones
916 3228 1117 3303 desolatorii
1139 3232 1274 3306 cadant
1289 3234 1500 3327 supereum,
1518 3234 1608 3321 &in
1629 3237 1734 3333 ignen

117 3372 308 3450 rdeiciatur
338 3351 669 3448 inextinguibilem,
707 3349 924 3445 tollaturque
953 3347 999 3423 ab
1032 3371 1077 3423 eo
1110 3348 1232 3426 lumen
1274 3364 1440 3427 eternum
1469 3353 1531 3427 nili
1555 3353 1734 3453 refipiscat

130 3492 193 3594 qui
218 3486 328 3565 reciso
351 3491 458 3576 atque
486 3471 645 3557 extinsio
671 3468 849 3543 materiali
872 3466 1012 3541 lumine
1036 3469 1139 3545 beate
1155 3469 1296 3564 Virgini
1314 3472 1508 3567 deputato,
1533 3473 1734 3559 inhonorat.

129 3637 202 3689 noo
223 3603 349 3685 timuit
370 3594 535 3673 celestem
557 3610 679 3685 regem
699 3588 819 3664 Deum
842 3590 879 3666 dr
903 3586 1105 3663 Dominum
1128 3587 1298 3666 nostrum.
1348 3592 1481 3670 Amen.

618 3826 658 3903 dr
679 3828 777 3900 codem
801 3827 905 3900 Codice
927 3832 974 3900 ita
994 3832 1096 3926 pergit
1109 3827 1264 3925 scriptor:

126 4062 131 4069 .
228 4084 265 4159 4
290 4055 385 4132 Lllui
406 4070 497 4147 quos
517 4044 685 4124 Domnus
714 4036 897 4115 liutboldus
924 4039 1033 4135 huius
1066 4040 1271 4118 monasterii
1301 4038 1424 4122 Abbas
1448 4050 1483 4122 de
1510 4070 1586 4126 norro
1610 4048 1735 4154 conseris

130 4185 236 4270 fecit,
261 4179 299 4253 in
325 4173 497 4248 hocloco
522 4169 592 4243 hac
618 4166 666 4238 de
688 4160 792 4238 causa
821 4159 985 4235 annotati
1016 4161 1269 4248 continentur,
1307 4187 1354 4239 ne
1376 4166 1496 4264 aliqua
1526 4194 1590 4247 eos
1612 4172 1735 4251 incuti:

132 4304 230 4406 quod
253 4295 341 4375 ablu
369 4289 531 4388 deperire
550 4283 757 4375 contingat,
795 4284 833 4361 dr
855 4292 896 4357 vt
920 4279 1064 4357 sacilius
1094 4280 1199 4357 sicui
1225 4281 1344 4381 aliquo
1373 4308 1499 4364 eorum
1527 4292 1581 4371 vti
1606 4294 1736 4391 placue

128 4428 177 4506 rit
198 4415 361 4519 inlpetiis
381 4432 506 4501 eorum
529 4403 664 4489 titulis,
688 4400 1091 4503 quecunquemaluerit
1115 4401 1236 4479 valeat
1259 4402 1422 4502 reperire.

105 4704 108 4709 .
173 4665 208 4747 ο)
220 4660 295 4765 Ἠαι
312 4657 389 4727 neira
409 4644 485 4723 uolt
506 4655 539 4715 vt
559 4665 628 4715 mox
649 4642 800 4756 piisssima
821 4645 951 4730 exaustum
971 4642 1008 4731 ess
1028 4644 1239 4731 rrumpmm
1645 4532 1736 4609 lee
