3742 5160
134 233 211 318 284.
678 292 682 301 .
732 218 1154 313 two*
1255 220 1272 239 “
1651 198 1685 241 ‘¹

132 397 190 481 vel
216 422 265 475 ex
279 395 384 473 ditiis
402 394 592 496 possumus.
641 394 695 475 Vt
716 418 802 492 ergo
817 396 940 474 Abbas
957 396 1143 477 &iratum
1157 399 1303 478 Numen
1328 396 1504 497 placaret,
1530 395 1570 475 dt
1593 392 1685 471 alios
1700 394 1759 471 liro

135 524 172 599 dr
189 518 345 596 filiorum
365 517 507 592 suorum
528 514 707 612 Exemplo
727 515 902 593 adsimile
926 517 1060 594 sosium
1079 518 1319 614 pertraheret,
1343 519 1449 592 anuis
1471 525 1576 611 1569.
1601 514 1641 593 dr
1660 536 1760 610 prae·

132 638 222 715 senti
251 656 354 733 1570.
379 657 477 710 noua
502 656 586 710 cum
607 633 702 709 circa
726 635 889 712 officium
921 634 1105 726 diuinum,
1144 649 1224 715 tum
1253 638 1366 713 etiam
1397 635 1493 713 circa
1528 633 1762 731 Disciplinam

133 756 370 835 Monasticam
395 757 440 851 a)
469 753 600 828 statuta
624 752 808 838 condidit,
848 777 962 851 eaque
984 751 1134 850 adjetiis
1165 767 1293 832 contra
1327 753 1597 849 transgressores
1633 750 1762 850 poenis

133 875 337 954 mitissime
369 872 589 950 obseruanda
623 870 814 969 praecepit.
895 873 954 948 Ex
979 874 1107 969 viginti
1135 876 1197 949 sex
1221 874 1379 970 punstis,
1418 873 1523 971 queis
1553 873 1624 949 bac
1663 871 1761 965 leges

134 993 386 1078 continentur,
421 989 542 1088 aliqua
570 1002 715 1067 tantum
745 989 946 1068 Breuitatis
977 1016 1100 1071 amore
1135 995 1324 1071 adducam.
1388 993 1415 1068 l.
1440 992 1601 1087 Singulis
1632 988 1762 1065 diebus

134 1115 222 1191 dato
243 1112 334 1189 hora
358 1109 577 1186 duodecima
601 1110 774 1186 nostuma
798 1110 897 1205 signo
922 1112 1129 1188 Matutinum
1160 1111 1256 1188 clara
1289 1117 1327 1191 dr
1353 1110 1566 1206 intelligibili
1590 1130 1683 1186 voce
1706 1128 1761 1183 re·

135 1231 286 1314 citetur,
323 1251 523 1327 omnesque
546 1226 683 1304 ibidem
708 1226 771 1302 nisi
797 1228 876 1306 aliis
899 1232 1110 1327 muneribus
1134 1231 1298 1328 occupati
1322 1232 1485 1330 quotidie
1508 1236 1763 1325 compareant,

136 1361 290 1447 excepto
315 1371 388 1427 vno
412 1359 557 1423 tantum
581 1346 663 1432 die,
702 1369 775 1444 quo
799 1344 943 1442 singuiis
965 1351 1069 1442 juxta
1090 1347 1177 1449 senii
1202 1351 1348 1425 ordinem
1378 1350 1531 1428 facultas
1554 1346 1761 1423 dormiendi
1799 1350 1869 1425 i

136 1468 357 1546 conceditur.
421 1466 559 1541 Contra
591 1463 768 1541 facientes
793 1467 911 1562 primo
938 1468 1082 1550 Verbis,
1121 1469 1276 1544 secundo
1322 1490 1437 1566 aquae
1473 1477 1562 1564 potu
1587 1466 1762 1542 subtrasio
1780 1492 1868 1541 ⁴-

26 1618 44 1629 ··
135 1589 243 1671 vino,
283 1585 391 1662 tertio
424 1607 518 1682 pane
551 1586 589 1663 dc
622 1607 735 1683 aqua,
770 1598 898 1683 quarto
941 1586 1099 1685 denique
1129 1585 1327 1681 majoribus
1357 1586 1486 1685 poenis
1515 1593 1760 1662 cotrceanmr.
1779 1638 1863 1659 .-

134 1708 176 1785 ιι.
198 1705 301 1783 Prior
328 1704 387 1784 vel
414 1702 587 1801 Subprior
616 1704 753 1800 semper
780 1727 874 1780 vnus
899 1704 1023 1784 saltem
1047 1706 1086 1783 ln
1115 1705 1237 1782 Choro
1262 1705 1332 1783 ads
1334 1718 1369 1794 t
1401 1704 1460 1786 rel
1483 1703 1537 1781 iis-
1557 1703 1861 1781 absentibus:

126 1828 299 1929 succentor
323 1823 486 1901 Chorum
512 1821 656 1919 dirigat
705 1822 762 1899 ιιι
788 1822 913 1901 Media
936 1824 1087 1923 septima
1118 1825 1225 1901 detur
1249 1823 1389 1921 sgnum
1419 1827 1466 1902 ad
1491 1824 1654 1903 Primam
1676 1846 1858 1901 can—

135 1948 304 2061 Ιιιιιιιιιιιιι,
297 1966 447 2081 quam
473 1941 692 2041 subsequitur
715 1942 877 2020 Psalmus
898 1944 948 2021 de
969 1944 1183 2033 Profundis,
1223 1944 1262 2022 dr
1285 1943 1390 2021 Feria
1411 1943 1471 2023 Vl
1504 1945 1643 2042 septem
1664 1940 1855 2045 Psoi-

132 2093 184 2144 mr
172 2028 371 2143 Pomriem
372 2065 453 2139 inies
484 2085 570 2139 cum
593 2060 761 2160 Lptaniis.
834 2063 894 2143 lv.
917 2063 1077 2143 officium
1109 2064 1350 2141 conuentuale
1385 2062 1547 2160 quotidie
1574 2073 1759 2151 cantetur,
1765 2108 1848 2141 .-

30 2254 33 2259 ,
83 2176 86 2181 ’
135 2201 244 2286 atquc
266 2183 380 2261 etiam
404 2182 480 2280 post
502 2181 665 2259 Mensam
680 2182 799 2259 Nona.
833 2183 876 2258 ιι.
899 2183 1023 2261 Misiae
1048 2184 1222 2260 fundatae
1246 2195 1286 2262 vt
1309 2183 1431 2260 sedulo
1454 2184 1640 2279 legantur,
1661 2182 1845 2259 Prin—-

131 2308 184 2384 ris
209 2327 316 2381 curae
342 2300 530 2377 incumbit.
582 2300 641 2381 Vl.
665 2299 857 2377 Ratione
843 2301 1065 2396 jeiuniormn
1090 2304 1151 2380 hic
1176 2303 1337 2380 seruetur
1360 2304 1467 2381 ordo:
1508 2303 1579 2380 Die
1604 2304 1839 2380 Deretini-

86 2464 93 2477 ’
133 2444 178 2503 ca·
200 2422 397 2501 Prandium
423 2424 460 2498 dr
482 2442 615 2496 coena:
656 2420 760 2497 Feria
784 2421 826 2496 Il.
851 2420 1044 2497 Neutrum.
1103 2422 1207 2498 Feria
1229 2423 1286 2498 ιιι
1311 2436 1512 2522 atrumque
1571 2422 1678 2500 Feria
1699 2422 1835 2501 lv...-

132 2544 246 2623 iolum
268 2542 477 2621 Prandium.
528 2537 695 2620 FeriaV.
712 2553 895 2616 neutrum.
945 2540 1049 2617 Peria
1073 2542 1130 2619 Vl.
1148 2544 1186 2619 dt
1207 2543 1390 2619 Sabbatlro
1414 2541 1524 2619 solnm
1549 2543 1800 2621 Prandium?

132 2662 209 2759 ιιιι
230 2665 346 2739 Porta
375 2670 579 2735 conuentus
613 2658 729 2734 clausa
755 2659 994 2745 custodiatur,
1034 2682 1103 2737 nec
1125 2661 1250 2759 peruia
1273 2661 1295 2735 s
1286 2686 1345 2736 ne
1375 2662 1563 2759 superioris
1586 2662 1782 2741 facultate·

132 2782 347 2859 secularibus
362 2779 386 2855 s
389 2792 419 2854 t
465 2778 554 2858 Vlll.
577 2777 712 2861 Nullus
730 2777 753 2851 ι
744 2800 803 2853 ne
821 2779 1002 2877 completo
1021 2781 1141 2858 officio
1156 2783 1195 2857 id
1210 2781 1261 2856 est
1278 2780 1301 2855 s
1292 2805 1350 2856 ne
1370 2783 1555 2860 Matutino
1574 2782 1780 2882 Hunisque·

132 2900 330 2981 Canonicis
343 2899 480 2976 sacrum
495 2898 622 2984 faciat,
650 2911 777 2974 contra
788 2897 926 2976 lactens
944 2899 1325 2977 Excommunicationi
1349 2900 1546 2994 subjaceat.
1589 2904 1655 2979 lX.
1677 2903 1834 2981 Sin·—

132 3022 227 3119 mrlis
249 3019 374 3097 saltem
397 3016 534 3095 Diebus
556 3017 780 3106 Dominicis,
822 3019 862 3097 ιιι
882 3019 1018 3097 lestinis
1044 3019 1143 3116 figuti
1174 3020 1377 3097 sacerdotes
1414 3021 1520 3097 sacris
1554 3036 1778 3121 operentur..
1806 3068 1836 3083 -

132 3144 178 3221 X.
191 3139 360 3237 Denique
377 3137 621 3216 liridissrmam
636 3137 673 3213 in
691 3136 947 3217 Domimitorio
972 3140 1123 3216 seruitur
1137 3139 1332 3226 silentiam,
1358 3164 1427 3215 nec
1441 3141 1526 3240 quis
1543 3140 1613 3219 nisi
1633 3146 1839 3221 obtem*

131 3273 173 3339 ta
201 3260 303 3360 prius
325 3282 348 3333 a
370 3256 547 3355 superiore
572 3270 775 3333 conuentus
797 3257 970 3335 facultate
994 3259 1129 3335 Aulam
1154 3262 1314 3336 accedat.
1364 3260 1498 3337 Cetera
1520 3284 1608 3339 cum
1631 3260 1842 3339 comus

132 3382 191 3462 vel
212 3378 363 3458 omnino
388 3378 628 3461 concordant.
660 3376 719 3457 vel
741 3377 867 3453 saltem
888 3378 933 3455 ab
956 3378 1002 3453 iis
1026 3403 1101 3455 non
1125 3378 1494 3479 multumdiscrep'ant.

226 3598 340 3677 Anno
370 3617 473 3693 1571.
501 3618 532 3671 1.
555 3591 741 3671 Febmarii
763 3592 922 3671 Litterae
947 3595 992 3709 b)
1024 3593 1163 3671 Viueas
1195 3595 1338 3671 delatae
1371 3597 1418 3673 ad
1440 3618 1575 3675 mauris
1598 3594 1840 3693 Abbatirfl

132 3726 393 3818 peruenerunt,
436 3713 569 3812 quibus
605 3707 841 3813 Wnsffgnngas
872 3711 1052 3790 Prenrzicsr
1076 3736 1098 3788 a
1121 3712 1326 3821 jungiogen
1351 3715 1390 3790 in
1422 3714 1686 3815 Hasenweyler
1717 3722 1838 3799 dt:

36 3859 46 3897 ··
130 3834 397 3916 Bethenreiltte
422 3830 519 3909 triste
544 3831 637 3907 arcis
661 3830 743 3907 suae
774 3855 890 3928 nuper
922 3845 1173 3908 concrematae
1201 3833 1377 3911 nuncium
1407 3834 1541 3923 mittit,
1580 3835 1829 3939 simusque

130 3956 243 4057 petit,
281 3965 321 4031 vt
343 3951 471 4030 Abbas
497 3950 645 4029 subditis
669 3949 739 4026 suis
764 3949 904 4047 Ligni
894 3949 1036 4045 igniarii
1068 3952 1127 4028 seu
1159 3952 1207 4030 ad
1239 3952 1342 4029 socos
1374 3950 1543 4029 destinati
1577 3956 1819 4036 collemo-

131 4100 219 4157 nem
237 4097 302 4210 pro
327 4071 418 4167 justo
441 4069 558 4170 pretio
583 4070 783 4145 concedere
807 4069 911 4160 velit,
934 4093 1011 4147 non
1032 4070 1233 4171 petiturus,
1261 4070 1359 4151 stad
1381 4071 1621 4161 restituendas
1642 4076 1793 4155 tedet

130 4192 283 4299 propriis
305 4215 381 4269 non
403 4189 583 4289 indigeret
605 4186 731 4288 syluis.

1628 4428 1754 4513 Vnde·
1853 4464 1868 4571 Ἰι·

150 4612 153 4618 -
175 4632 212 4754 ι)
235 4665 317 4736 Tora.
337 4684 390 4754 αῖ.
405 4663 459 4756 [οι.
479 4678 554 4747 208·
574 4665 613 4740 8
633 4661 827 4754 aptensi.
932 4664 971 4754 b)
993 4664 1074 4742 rom.
1095 4682 1148 4754 27.
1162 4664 1219 4756 sol.
1240 4687 1314 4755 233.
