3736 5160
667 205 1089 325 *lema*
1617 247 1688 337 iu
1823 328 1826 333 ,

65 421 124 491 ter
152 384 492 511 Caesareoaiportaa
515 418 719 485 conuentus
750 408 987 504 effregerunt,
1034 408 1156 508 plures
1185 429 1300 509 equor
1330 409 1370 488 br
1393 408 1463 487 alia
1484 407 1587 511 plura
1609 420 1690 493 tam
1763 382 1770 402 ⁸
1811 457 1815 464 -

66 533 163 625 intra
185 554 294 630 quam
318 544 421 607 extra
445 542 669 607 conuentum
691 528 927 626 diripuerunt.

165 720 347 867 rustsept.
370 769 420 846 D.
456 767 641 844 colonellas
674 767 843 868 Casperio
880 764 1011 844 Seboclr'
1037 764 1226 847 ciuitatem
1260 766 1597 880 Romasporgeuserrr,
1649 718 1690 851 iia
1819 856 1822 863 ,

64 912 140 990 qua
160 888 369 966 Colonelluc
405 889 546 965 Carolus
581 886 695 965 Comes
731 884 852 964 Srocur
883 899 963 963 tum
992 886 1217 974 morabatur,
1255 888 1340 962 dolo
1376 910 1504 985 capere
1535 892 1685 973 molitus

59 1012 128 1087 est.
179 1011 254 1086 Sed
277 1007 441 1106 proditus
465 1009 600 1105 absque
623 1007 743 1085 verbis
765 1007 1037 1104 recuperatione
1057 1028 1143 1080 cum
1167 1005 1238 1083 suis
1267 1007 1434 1141 absceffit.

165 1271 222 1342 23.
248 1246 349 1344 Sept.
374 1244 449 1323 Nix
475 1247 567 1328 adeo
599 1243 794 1343 ponderosa
819 1242 969 1329 cecidit,
996 1242 1093 1319 foliis
1117 1243 1272 1320 adhuc
1260 1264 1299 1319 ιιι
1324 1243 1510 1322 arboribus
1533 1245 1688 1397 existen·
1728 1276 1732 1285 ·

65 1366 181 1455 tibus,
221 1376 261 1445 vt
284 1389 406 1443 ramos
428 1365 602 1521 plurimos
627 1362 833 1461 diffregerit.

52 1626 55 1631 ’
162 1604 274 1681 Αιιιιο
310 1609 413 1701 ιὸ49.
452 1602 561 1679 Initio
587 1603 678 1681 annl
712 1536 823 1702 hujus
860 1612 947 1680 ante
980 1600 1110 1679 festum
1141 1600 1354 1702 Epiphaniae
1386 1603 1526 1681 Domini
1559 1559 1690 1705 ingene

65 1747 245 1825 aquarum
264 1724 477 1810 inundatio,
516 1735 558 1799 vt
580 1723 697 1809 illarn,
725 1747 822 1820 quae.
843 1735 929 1799 ante
952 1721 1116 1821 offogr'ato
1141 1723 1180 1799 br
1202 1721 1321 1818 plures
1347 1746 1464 1803 annos
1487 1726 1587 1804 subse
1610 1752 1689 1807 me·
1756 1745 1772 1777 ⁸

64 1856 262 1932 moratur·‚.
282 1845 390 1943 longe
406 1841 611 1920 excellerit.
655 1841 778 1939 ‚Hanc
800 1866 975 1942 aquarum
999 1837 1116 1936 major
1137 1839 1221 1917 belli
1246 1865 1290 1916 nc
1313 1844 1472 1922 militum
1496 1847 1688 1927 inundatio

64 1965 130 2040 sub
155 1966 304 2062 sequuta
326 1964 394 2041 est:
424 1962 604 2061 'Hyberao
628 1962 728 2038 enirn
751 1960 847 2038 hisce
869 1962 907 2036 ln
934 1960 1140 2058 regionibus
1168 1960 1280 2049 Galli,
1320 1961 1474 2061 Sacrique
1500 1965 1691 2045 subeuntes
1794 1944 1799 1961 ⁸

66 2084 224 2162 miseros
247 2083 416 2172 rusticor,
453 2081 612 2181 alioquin
636 2081 782 2180 penitus
807 2080 1019 2169 exhaustos,
1061 2080 1273 2177 grauiliimi'a
1301 2081 1485 2180 &pabuli
1512 2087 1550 2165 or
1583 2110 1690 2184 pecu·

65 2204 211 2280 uiarum
235 2202 481 2282 exactionibus
506 2204 599 2277 adeo
622 2202 853 2299 premebant,
885 2212 926 2277 vt
949 2199 1019 2276 dici
1043 2224 1117 2276 non
1143 2200 1253 2297 poffit
1301 2200 1338 2279 A
1363 2203 1493 2301 quibua
1515 2230 1585 2282 nec
1610 2208 1692 2284 Mn·

65 2322 261 2400 nasterium
296 2325 455 2400 nostrum
484 2321 649 2398 immune
681 2319 760 2398 fult.
831 2320 936 2396 Duae
965 2320 1064 2397 enim
1090 2319 1266 2418 Equitum
1293 2320 1449 2399 Turmae
1483 2347 1505 2400 a
1535 2341 1692 2403 conuentu
1850 2322 1853 2327 ’

64 2443 184 2519 decoll
210 2443 334 2542 fornici
363 2443 484 2518 Vlmoe
505 2441 618 2518 ltobilo
646 2440 752 2517 nobis
781 2439 981 2518 destinatae
1011 2439 1241 2535 obtigerunt,
1279 2464 1370 2537 quas
1403 2442 1690 2524 vicecotonellm
1752 2446 1760 2453 ’

57 2560 224 2669 ffooaoos
248 2562 287 2637 de
320 2560 425 2637 Porto
461 2561 582 2639 Gallus
618 2561 791 2640 Caluinae
812 2560 926 2637 homo
957 2559 1114 2637 crudelis
1154 2558 1192 2636 &
1227 2559 1368 2658 impius
1400 2564 1556 2643 ducebat
1568 2592 1585 2650 ,·
1625 2569 1690 2668 qtti

63 2706 138 2759 noa
161 2687 199 2761 br
224 2682 384 2757 subditos
406 2681 545 2756 nostroe
568 2704 644 2758 nou
668 2680 796 2777 militis
819 2679 879 2757 sed
906 2678 1056 2775 Tyranni
1077 2678 1187 2755 instar
1210 2678 1482 2761 intolerabiliter
1506 2688 1691 2764 excrucia·
1825 2726 1828 2733 ·

63 2805 149 2884 bat;
189 2826 257 2877 nec
282 2816 370 2876 tunc
394 2798 580 2876 subuenire
605 2799 743 2874 miseria
776 2797 926 2874 subditis
955 2797 1281 2875 Reuerendilhmus
1309 2800 1427 2878 noller
1447 2805 1590 2901 potuit,
1625 2804 1690 2883 etti

63 2922 106 2998 id
129 2923 256 2997 lubens
282 2919 425 2996 leciliet.
477 2917 614 2995 Nobiles
636 2916 758 2995 circuli
781 2915 914 2993 sueulci
939 2916 977 2993 bt
998 2916 1167 3019 Aoslrr'ocr'
1182 2915 1310 3017 subditi
1333 2923 1377 2998 ab
1400 2923 1460 2999 hil
1442 2925 1495 2999 ce
1514 2924 1558 3023 h
1557 2926 1691 3002 beroia

64 3041 107 3120 bt
128 3041 374 3117 exustionibus
397 3038 542 3145 quidem
566 3038 668 3115 liberi
692 3047 813 3113 erant.
855 3035 916 3112 sed
936 3035 1028 3120 bilo,
1071 3036 1244 3112 nimirum
1278 3036 1315 3113 in
1342 3041 1512 3136 praesidia
1535 3044 1689 3145 Brigan-

66 3167 172 3241 tr'num
186 3162 225 3239 br
243 3161 480 3262 &alborense
502 3157 677 3253 stipendia
695 3155 864 3235 militaria
882 3157 1060 3293 pendere,
1085 3155 1124 3233 δι
1137 3141 1404 3254 praesidiarium
1422 3162 1577 3241 militem
1593 3164 1689 3243 alere
1757 3198 1759 3202 ¹

63 3284 296 3376 cogebantur
328 3292 384 3362 8
409 3278 509 3378 junii
530 3277 609 3352 RR.
634 3278 703 3353 ΡΡ.
731 3276 781 3355 Co
760 3278 893 3474 ufarlai
913 3301 936 3351 o
961 3274 1196 3376 Commifforiis
1224 3273 1497 3380 Wrtrnbergicir
1519 3306 1541 3358 e
1563 3306 1690 3361 monn·

64 3401 172 3477 sterio
197 3401 260 3476 suo
258 3400 460 3505 emigrare
484 3397 559 3494 julii
585 3396 676 3482 sunt,
742 3396 867 3495 Itque
899 3396 1026 3471 exules
1049 3394 1134 3470 boni
1167 3394 1293 3472 Patres
1317 3400 1479 3477 coloniae
1514 3404 1594 3480 suaa
1617 3405 1687 3483 Al-

65 3520 243 3620 torffiam
231 3541 270 3597 ιιι
296 3521 406 3594 aedes
430 3517 565 3594 nostras
587 3513 808 3615 parochiales
832 3516 1082 3590 traduxerunn
1133 3540 1147 3589 ι
1153 3538 1187 3610 5
1215 3516 1308 3613 Aug.
1334 3519 1592 3601 Monasterium
1618 3525 1687 3601 ΡΡ.
1833 3552 1837 3563 ·

66 3639 336 3735 Capucinorum
369 3638 412 3713 in·
431 3636 649 3737 Roueasporg
681 3636 775 3712 dirui
807 3645 978 3731 coeptum
1011 3646 1138 3710 contra
1165 3647 1249 3713 vota
1279 3622 1459 3717 Direh'orir'
1490 3644 1688 3723 herimber·
1741 3664 1751 3709 ἰ

64 3764 194 3861 gerasto,
227 3758 441 3854 urgentibus
463 3756 678 3832 ita'ciuibua
707 3754 941 3832 heterodoxis
972 3754 1011 3832 δι
1044 3754 1287 3853 praesentibus
1311 3758 1486 3837 militibus
1517 3762 1688 3851 suecicia,
1745 3803 1746 3807 ι

64 3878 132 3980 qni
156 3877 354 3956 catholicos
387 3877 496 3953 adid
519 3889 661 3952 armata
684 3896 796 3952 manu
819 3868 1037 3969 adegerunt,
1075 3898 1122 3950 ex
1146 3876 1297 3971 imperio
1322 3879 1489 3982 Doglufflr'
1515 3881 1687 3960 Generalis

59 3999 133 4101 sai.¹
201 3996 273 4082 Qui
300 4000 422 4073 tamen
448 4017 492 4071 ea
522 3997 634 4082 horae
666 4009 738 4091 qua
770 3993 952 4070 nefarium
981 3992 1054 4068 hoc
1077 4016 1169 4090 opus
1192 3995 1402 4074 inchoatum
1427 4000 1497 4081 est.
1536 4002 1684 4079 laethali
1757 4044 1767 4077 ι

62 4118 196 4195 morbo
220 4130 405 4214 correptus
430 4127 614 4211 aegrotare
637 4112 777 4212 coepit,
815 4113 985 4209 exigente
1011 4114 1133 4212 vtique
1155 4137 1291 4212 paenas
1310 4114 1436 4193 diuiuo
1457 4122 1628 4199 Numine.

166 4381 225 4452 30.
249 4355 349 4453 Sept.
381 4352 562 4431 Simul&
585 4350 692 4430 semel
715 4372 788 4428 vno
813 4352 1016 4450 eodemque
1041 4350 1101 4426 die
1117 4352 1233 4450 prael
1235 4351 1371 4430 dranus
1396 4356 1502 4432 miles
1528 4357 1687 4439 suecicae

67 4474 345 4554 eciuitatibue
352 4472 517 4560 Lindum,
561 4471 782 4572 Vbrrlr'ngen,
822 4462 1063 4581 Memmingen,
1106 4470 1366 4573 Lougeanrgen,
1403 4476 1571 4575 Moynow
1594 4481 1690 4557 alu’r-
1765 4566 1768 4571 ,

58 4619 140 4697 que
161 4594 251 4672 locia
276 4594 452 4671 abdultus
479 4593 541 4669 est.
617 4589 718 4667 Hinc
749 4574 872 4693 aliqua
902 4588 1146 4713 finiendarum
1168 4593 1332 4670 tandem
1360 4594 1581 4679 miseriarum
1612 4601 1690 4697 spec

865 4704 1013 4806 Pppa
1411 4816 1414 4821 Ι
1590 4718 1690 4796 afful
