3736 5160
346 182 349 187 ’
485 200 491 205 ’
655 224 1072 317 wama
1630 233 1677 320 ar

148 400 642 500 Aon01297.Hennannus
670 400 796 477 Aonas
819 402 950 478 fundat
979 406 1244 498 congregationem
1276 402 1464 477 llsoniolium
1496 409 1534 476 tn
1556 402 1674 497 Oppido

80 518 254 617 Mcffofi
270 518 339 596 ¹sub
359 519 469 595 tertia
490 521 613 618 regula
632 519 671 597 S.
696 518 888 609 Francisci,
912 545 1004 619 quae
1026 521 1152 607 nostro:
1168 521 1287 596 adhuc
1313 530 1477 620 tempore
1506 519 1670 605 subsistit,

81 638 385 856 ffiufflestioni
415 641 568 720 Abbatis
590 640 873 737 Weingartenfis
903 642 942 717 in
966 640 1219 742 spiritualibus
1248 640 1503 719 Commillione
1527 639 1672 719 Episco-

150 996 225 1099 Jam
243 997 284 1074 in
308 996 563 1074 Dill'ertatiooe
586 997 732 1096 praeuia
756 997 934 1087 diximus,
970 1021 1039 1075 nos
1056 1024 1102 1073 ex
1120 996 1401 1076 Altmonasterio
1423 996 1670 1082 Altdorffium
1836 1036 1839 1041 ·

83 1118 225 1195 llooitles
255 1128 382 1196 autem
411 1116 670 1195 Altdorffenses
707 1116 817 1194 nostri
855 1120 936 1192 loco
969 1115 1313 1194 Altomonasterium
1351 1120 1445 1196 falla
1481 1118 1670 1197 Bonorum
1701 1104 1703 1108 ⁸

80 1236 335 1315 commutatione
367 1238 564 1314 translatos
590 1236 708 1322 luisse.
743 1240 840 1337 quod
872 1252 913 1315 vt
941 1237 1185 1313 abundantius
1220 1249 1359 1333 pateat,
1405 1236 1563 1312 Litteras
1597 1237 1670 1314 huc

80 1356 204 1455 btegras
231 1359 277 1433 ab
304 1357 487 1436 Abbatilla
510 1356 547 1433 in
575 1356 846 1436 Altenmttnller
872 1360 920 1434 ad
950 1356 1205 1434 Hermannum
1230 1354 1415 1435 Abbatem
1438 1380 1534 1433 anuo
1565 1365 1669 1441 1208·
1768 1389 1771 1393 ·

82 1476 156 1555 blas
178 1477 430 1555 transscribere
449 1500 579 1577 operae
601 1478 757 1574 pretium
783 1479 967 1556 duximus.
1764 1466 1767 1472 ¹

38 1790 41 1795 .
97 1776 101 1781 -
150 1718 320 1805 dommim
348 1716 414 1791 Dei
444 1724 560 1792 aterni
581 1714 695 1801 Amen.
753 1716 984 1806 „Venerabili
1009 1719 1096 1799 Viro
1125 1719 1232 1798 variis
1257 1714 1452 1795 virtutibus
1479 1716 1666 1803 redimito,

85 1836 294 1923 „oteuiffimo
320 1836 419 1911 Patri
444 1859 488 1912 ac
512 1835 670 1914 Domino
692 1835 731 1911 in
757 1836 897 1913 Christo
927 1837 974 1912 H.
998 1840 1124 1915 diuma
1146 1837 1361 1936 prouidente
1385 1837 1501 1931 gratia
1521 1837 1668 1915 Abbati.

74 1957 217 2055 ·-„totique
232 1955 432 2032 conuentui
456 1956 493 2029 in
512 1957 765 2052 weingarten,
791 1957 928 2032 ordinis
952 1956 990 2035 S.
1006 1955 1196 2034 Beneditti
1217 1954 1474 2031 Constantiani.
1496 1957 1668 2035 dioecesos

80 2074 297 2159 ⁸„miieratime
316 2074 445 2151 diuina
475 2076 674 2161 Abbatilsa,
704 2075 872 2171 quamuis
893 2077 1060 2172 indigna,
1101 2086 1272 2171 totusque
1296 2087 1501 2151 conuentus
1528 2075 1668 2155 Saniti-

10 2292 14 2307 ‚
73 2192 288 2275 -omnuialium
310 2194 351 2271 in
375 2194 649 2272 Altenmuouea
674 2194 813 2271 ordinis
836 2195 1041 2293 supradicti.
1085 2191 1264 2271 Frilienfis
1293 2192 1475 2270 Dioecesos
1494 2218 1580 2273 cum
1602 2198 1666 2272 de·
1720 2232 1723 2237 ·

10 2310 12 2319 '
91 2318 176 2395 ‚rou
189 2304 397 2401 obedientia,
422 2315 593 2414 quicquid
619 2312 761 2411 poliunt
784 2315 940 2414 obsequii
965 2319 1003 2396 dt
1027 2314 1190 2395 honoris.
1248 2312 1410 2390 Fortiora
1439 2314 1520 2392 suot
1540 2316 1666 2395 omnia

21 2498 34 2513 ,
76 2434 230 2525 „fluendo
246 2432 350 2513 srmul
372 2435 411 2513 dr
435 2436 548 2531 gesta,
571 2459 641 2511 nec
663 2432 771 2511 vllius
800 2435 926 2513 fraude
956 2437 1097 2536 poliunt
1121 2435 1339 2535 perturbari,
1362 2431 1388 2509 sr
1415 2436 1511 2515 dista
1535 2436 1573 2514 do
1587 2438 1666 2515 asta
1737 2476 1741 2481 ·

71 2546 211 2649 ‚hiptis
228 2552 368 2656 liquido
391 2556 537 2632 valeant
558 2550 753 2652 protestari.
814 2555 917 2631 Licet
945 2554 1173 2645 diletiillimi,
1209 2553 1283 2629 lata
1304 2566 1482 2633 terrarum
1509 2556 1663 2633 intersti-

35 2668 138 2777 -‚‚tio
162 2694 226 2747 uos
260 2694 411 2773 corpore
440 2674 665 2777 ato-inuicem
692 2670 921 2768 disjungant,
968 2674 1113 2751 feruens
1135 2691 1258 2752 tamen
1284 2672 1444 2749 amicitia
1471 2678 1509 2754 dt
1533 2676 1664 2754 Christi

17 2776 26 2789 ”
63 2786 256 2883 ,Clarium
279 2792 429 2871 viciffim
450 2804 575 2871 mente
600 2816 669 2868 nos
698 2793 854 2889 copulat.
921 2795 1076 2870 Proinde
1097 2793 1226 2890 jungat
1251 2790 1365 2894 Epla,
1405 2818 1497 2890 quos
1522 2797 1658 2892 disjun-

58 2910 130 3005 ‚git
146 2912 339 3011 cdrporalis
360 2911 534 3002 absentia,
573 2915 611 2989 dt
642 2912 856 3007 quotidiana
881 2902 1099 3011 representet
1125 2913 1260 2999 oratio,
1303 2936 1393 3012 quos
1417 2914 1524 3009 longa
1551 2929 1661 2991 terra-

10 3026 13 3081 i
55 3052 148 3117 ,rum
166 3030 321 3109 secernit
342 3031 585 3130 intercapedo.
635 3033 687 3111 Vt
713 3042 839 3107 autem
864 3031 1034 3127 ambages
1050 3032 1242 3109 verborum
1269 3032 1469 3123 euitemus,
1500 3058 1586 3111 cura
1599 3060 1661 3112 ve-

10 3134 332 3247 ''·,.ri.regimiois‚
360 3172 453 3250 quae
477 3149 640 3248 subjettis
662 3148 767 3225 nouit
801 3149 971 3250 praeese,
1000 3176 1042 3228 ac
1068 3152 1227 3249 prodesse
1247 3152 1449 3243 noilurnis‚
1471 3154 1660 3233 diurnisue

49 3268 247 3357 ,laboribus
273 3266 429 3347 insistere
454 3271 607 3367 appetit,
641 3279 681 3345 vt
705 3269 836 3346 ouibus
860 3270 991 3347 Christi
1016 3270 1079 3348 fibi
1095 3271 1243 3349 creditis
1263 3271 1425 3371 quietem
1450 3274 1659 3353 deuotionis

48 3388 332 3491 „competentius
361 3389 463 3489 poffit
484 3388 694 3471 ministrare.
1733 3398 1737 3403 ·

57 3708 62 3717 .
126 3628 343 3718 „Nimirum
377 3630 456 3705 Nos
485 3626 669 3705 Abbatilia
704 3627 743 3703 in
764 3627 1037 3706 Altenmllnster
1074 3630 1121 3708 ad
1152 3628 1254 3709 idem
1279 3639 1466 3723 tenemur,
1510 3642 1552 3713 vt
1575 3635 1658 3714 Mo·

44 3749 177 3839 ,oiales
200 3748 307 3826 nobis
336 3747 540 3825 commillas
572 3748 609 3821 in
638 3746 730 3823 llatu
760 3748 934 3826 laudabili
961 3749 1158 3826 debeamus
1183 3751 1412 3841 conseruare,
1447 3754 1486 3830 dt
1508 3757 1554 3830 ad
1578 3779 1656 3833 rna·

44 3870 141 3967 ‚jora
158 3892 224 3969 pro
250 3868 388 3947 viribus
410 3888 634 3965 promouere.
685 3870 820 3945 Verum
843 3892 928 3945 cum
954 3893 1002 3945 ex
1025 3869 1152 3946 innata
1181 3870 1373 3967 fragilitate
1396 3872 1443 3948 ad
1469 3874 1656 3970 quodlibet
1708 3876 1712 3880 ’

43 3990 153 4077 ,vtile
166 3987 352 4067 muliebria
366 3986 528 4062 conditio
549 3985 700 4063 debilior
714 3987 898 4073 videatur,
928 3985 1010 4083 jure
1035 3987 1248 4084 praesidium
1279 3991 1325 4067 ab
1346 3990 1404 4065 his
1426 3995 1653 4091 quaerimus,

43 4134 156 4209 ‚quos
181 4134 295 4187 vnum
317 4112 355 4187 dt
368 4107 526 4183 eundem
546 4128 569 4179 a
587 4106 772 4201 primaeua
790 4106 953 4185 locorum
970 4096 1203 4196 fundatione,
1221 4110 1390 4208 quamuis
1413 4132 1477 4209 per
1494 4112 1654 4193 nobilem
1807 4106 1813 4113 ’

42 4250 110 4315 „oc
130 4228 373 4305 venerandam
397 4239 602 4302 matronam
624 4226 834 4322 Coraltfitiom
852 4228 889 4325 *)
917 4229 1107 4303 Irmdrudtm
1129 4228 1220 4304 locis
1245 4228 1386 4307 eisdem
1410 4245 1503 4311 nutu
1526 4235 1654 4313 ‹liuioo
1774 4212 1779 4217 ’

42 4348 297 4447 „permutatim
335 4344 481 4422 Patrem
508 4349 545 4422 dt
570 4346 765 4423 Patronum
791 4348 829 4423 S.
852 4346 1024 4426 videlicet
1047 4349 1223 4427 Altonum
1243 4349 1375 4425 babere
1391 4353 1651 4445 cognoscimus.

44 4468 238 4557 „Quamuis
262 4466 376 4563 igitur
397 4465 592 4542 secundum
614 4463 869 4564 Philosophum
891 4493 967 4546 non
993 4468 1193 4549 secundum
1218 4469 1481 4569 Euangellum,
1520 4475 1654 4555 benesi-

1522 4618 1653 4687 „crum

80 4716 113 4803 ⁸)
130 4718 246 4801 Error,
273 4714 538 4791 ademari
558 4722 691 4787 matrem
711 4714 803 4784 dicero
822 4713 969 4788 aalma
