3742 5160
128 249 203 326 sat
410 232 427 277 ³
738 220 1159 335 *Q*

227 405 322 490 Quis
344 411 573 502 quantusque
594 401 658 480 hic
680 402 889 481 Alexander
905 400 1024 498 Vulgo
1046 404 1144 498 vom}
1152 401 1223 479 See
1245 401 1383 494 didius,
1407 403 1535 495 buerit,
1560 406 1687 485 videre
1708 406 1758 486 est

131 527 227 625 apud
262 527 306 600 E
340 526 380 599 P.
413 525 618 601 Marianum
653 523 880 622 Pachmayer
915 525 993 600 Ser.
1032 522 1165 598 Abbat.
1203 523 1351 601 cremii.
1384 549 1462 624 pag.
1497 549 1585 622 359.
1622 531 1662 607 δι
1690 528 1757 629 seq.

128 645 324 731 Quodnam
349 657 471 720 autem
496 644 675 741 Georgius
702 644 748 719 ad
770 641 867 719 hanc
890 642 1085 742 Epistulam
1109 639 1313 742 responsum
1336 646 1494 754 dederit,
1521 647 1692 745 nuspiam
1719 648 1758 725 in

126 766 200 842 suis
229 765 386 843 Schedis
416 762 572 862 reperire
600 758 716 861 potui.
783 763 904 841 Nemo
924 774 1048 841 tamen
1070 787 1117 841 ex
1140 764 1286 846 nostris,
1324 776 1366 840 vt
1386 765 1555 854 arbitror,
1591 767 1757 866 Crmrisa·

126 889 233 974 nium,
272 885 395 962 missus
415 884 460 959 ab
477 881 621 960 Abbate
640 882 720 959 mit
778 881 962 961 Succellor
985 882 1302 991 Aramaiur'deccm
1324 884 1445 983 postea
1462 886 1584 964 Annis
1607 889 1758 967 easdem

124 1027 255 1104 preces
280 1004 450 1104 repetiit,
475 1016 515 1085 vt
539 1002 634 1081 inira
650 1001 865 1107 abibimus.
1645 1018 1648 1023 ⁴

222 1221 334 1298 Anno
354 1227 456 1316 1609.
477 1218 634 1327 jacobus
653 1219 828 1321 Faggerus
850 1217 959 1296 Liber
976 1218 1073 1297 Baro
1096 1218 1143 1309 de
1160 1216 1347 1316 Kimiirerg
1373 1219 1411 1298 dt
1431 1217 1656 1322 Weiffmlrora
1673 1219 1756 1321 Epi·

125 1340 253 1439 scopus
274 1339 576 1428 constantiensis,
593 1338 776 1438 pristinam
790 1362 932 1439 quoque
939 1338 1173 1438 Disciplinam
1188 1341 1225 1412 iu
1240 1338 1497 1414 Mouasterium
1513 1338 1550 1416 S.
1567 1338 1663 1416 Petri
1671 1342 1754 1419 Ord.

123 1460 163 1538 S.
185 1460 375 1537 Beneditii
397 1461 434 1537 in
460 1460 633 1560 Hercynia
658 1460 944 1544 introduiiurus,
963 1458 1098 1556 juntiis
1115 1483 1197 1534 cum
1213 1457 1357 1533 Abbate
1376 1457 1446 1532 loci
1461 1456 1602 1565 c§suarum
1627 1484 1755 1539 recens
1767 1491 1791 1539 ε

122 1580 238 1659 eledo
267 1582 433 1679 precibus
464 1580 569 1661 Viros
591 1594 697 1679 aptos
719 1604 741 1656 a
765 1580 922 1675 Georgia
945 1578 1153 1676 postulauit,
1180 1601 1333 1679 quorum
1348 1577 1516 1677 petitioni
1535 1580 1665 1657 Abbas
1692 1605 1791 1658 uo-

120 1700 190 1779 ster
220 1701 285 1777 diu
311 1699 524 1786 relutiatus,
549 1700 670 1798 posrtis
692 1700 862 1789 tandem,
884 1698 1009 1777 habito
1030 1699 1066 1775 in
1090 1697 1218 1777 Vineis
1243 1693 1340 1774 inter
1363 1707 1557 1797 unumque
1573 1700 1791 1788 Aubereo·

121 1819 481 1901 &Commissatum
517 1820 685 1920 Episcopi
714 1816 995 1896 Constantiensrs
1018 1815 1190 1926 Jacobam
1220 1817 1412 1923 Rafflerum
1454 1814 1659 1910 conuentu,
1696 1822 1791 1907 ser:

101 1940 403 2017 .Conditionibus
426 1938 610 2020 consenfit.
672 1941 809 2021 Astum
838 1939 878 2022 in
912 1938 1130 2021 monasterio
1157 1936 1419 2035 Weiugartenfi
1454 1940 1583 2020 adiuuat
1612 1942 1780 2029 decima

103 2061 342 2141 ⁴Nouembris
378 2068 484 2159 1609.
538 2126 544 2136 .

216 2279 420 2379 Insequenti
457 2256 934 2377 summissurus
970 2278 1154 2357 Vdalricur
1184 2275 1371 2378 ngerler
1393 2277 1493 2358 adS.
1523 2278 1659 2359 Gallum
1681 2283 1749 2361 lle·

120 2426 221 2478 canur
245 2401 385 2479 Fratres
411 2397 464 2477 iric
492 2399 695 2498 aliquamdiu
729 2414 943 2476 commoratos
968 2400 1131 2476 Domum
1155 2412 1305 2475 reuocat
1338 2400 1435 2476 datis
1471 2399 1568 2476 hisce
1600 2407 1648 2480 ad
1677 2406 1742 2481 Ab·
1773 2436 1778 2445 ¹

119 2521 243 2598 batem
269 2521 427 2596 nostrum
451 2520 623 2607 Litteris:
657 2519 757 2618 jesus
783 2519 821 2596 dt
844 2521 988 2596 Maria!
1023 2517 1331 2595 Reuereudiilrme
1361 2520 1530 2597 Domine.
1586 2520 1645 2598 Ex
1661 2524 1739 2621 julla

118 2647 160 2737 g)
184 2641 228 2714 R.
250 2641 294 2717 D.
331 2641 487 2719 Abbatis
515 2639 621 2715 nostri
651 2640 806 2715 absentis
835 2662 968 2715 muoso
1000 2641 1093 2715 duos
1124 2638 1260 2714 nostros
1292 2638 1436 2714 Fratres
1461 2641 1684 2738 aliquamdiu
1706 2645 1736 2720 iu

118 2761 336 2838 Monasterio
365 2761 410 2836 R.
442 2759 676 2835 Paternitatis
711 2761 847 2836 vestrae
880 2760 1036 2857 benigne
1064 2761 1247 2835 detentos.
1317 2759 1387 2835 Pro
1418 2782 1489 2861 qua
1525 2752 1736 2860 benignitate

117 2879 251 2959 Eidem
276 2903 430 2977 magnas
452 2903 520 2976 ago
542 2880 679 2975 gratias
694 2879 852 2975 majores
874 2881 959 2958 data
984 2880 1169 2957 occafione
1196 2880 1414 2957 referendas
1492 2884 1663 2963 Viuimus
1683 2886 1735 2962 ad·

116 3001 190 3079 hue
213 3000 437 3085 incolumes,
471 3001 508 3077 di
531 3000 643 3075 acori
672 2999 710 3074 in
735 2998 819 3074 satis
845 3001 987 3096 magnis
1010 2999 1200 3109 tumultibus
1221 2997 1366 3090 bellicis,
1393 3005 1430 3080 dt
1456 3002 1651 3082 haereticis
1674 3005 1734 3104 ple·

116 3122 176 3197 nis
203 3132 361 3199 tremore
390 3125 427 3200 dt
453 3120 591 3196 insania
614 3143 662 3193 ex
686 3119 876 3216 multiplici
907 3144 1052 3199 rumore
1079 3122 1247 3197 mendaci
1277 3124 1315 3201 dr
1348 3120 1613 3220 imaginatione
1637 3147 1732 3224 praua

118 3240 370 3317 Conscientiae
383 3239 606 3339 pernitiosae.
657 3242 757 3316 Deus
779 3242 878 3337 pacis
898 3242 1022 3317 omnia
1044 3244 1091 3318 ad
1116 3241 1266 3338 gloriam
1286 3243 1386 3318 suam
1410 3242 1448 3320 dt
1462 3232 1647 3324 Eccieliae
1664 3249 1731 3326 sure

115 3360 311 3442 utilitatem
335 3361 522 3459 disponat,
545 3358 804 3459 Custodiatque
818 3361 862 3436 R.
885 3362 926 3437 P.
949 3361 994 3438 V.
1027 3386 1110 3438 cum
1131 3384 1239 3458 grege
1274 3363 1336 3439 luo
1364 3363 1562 3460 Religiolu,
1601 3366 1640 3446 ἀ
1667 3377 1730 3445 tob

115 3481 253 3561 tamdia
282 3483 516 3559 incolumem.
582 3480 710 3560 EurS.
743 3481 842 3559 Gallo
873 3508 903 3582 1.
928 3485 1013 3580 Julii
1040 3491 1142 3560 roro.
1171 3493 1242 3561 etc.
1287 3575 1290 3580 ι

210 3701 353 3779 Eodem
391 3722 535 3801 quoque
573 3699 686 3778 Anno
723 3724 779 3798 14.
811 3694 964 3797 Augusti
1000 3695 1237 3803 Wrrlffgaugm
1267 3698 1463 3802 Episcopus
1498 3702 1730 3808 Ra'tirporrmfir

115 3824 154 3905 dt
179 3819 387 3923 Praepofirur
410 3821 603 3924 Eiaacmfis
628 3818 819 3896 Coloniam
846 3844 868 3895 a
897 3821 1053 3916 Georgia
1080 3823 1197 3898 nostro
1224 3823 1348 3919 petiits
1374 3836 1501 3899 atuero
1529 3850 1649 3926 quum
1659 3820 1728 3901 nul·

80 4032 84 4038 ,
113 3942 191 4020 lum
215 3942 261 4018 ab
282 3965 327 4017 eo
349 3943 552 4041 responsum
583 3941 778 4039 acciperet,
804 3941 971 4038 proximo
1004 3963 1101 4016 anno
1127 3942 1268 4017 iteratis
1295 3943 1556 4040 precum-uas
1585 3950 1632 4025 ad
1653 3966 1727 4023 euru

113 4063 248 4143 direxit
276 4061 454 4139 Litteras:
499 4058 700 4161 Wolffgoog
731 4084 803 4139 von
829 4061 962 4139 Gottes
991 4062 1157 4153 genaden
1188 4061 1368 4140 Bilchoue
1402 4086 1471 4142 zue
1505 4064 1726 4171 liegmspurg·

112 4181 237 4260 Probst
266 4183 340 4261 md
368 4182 452 4259 herr
481 4206 543 4258 zue
566 4181 771 4280 Elimangm
797 4193 857 4256 etc.
933 4179 1068 4258 anren
1098 4172 1324 4277 giinstlichen
1355 4185 1465 4265 Gruss
1497 4210 1605 4279 zoor,
1646 4188 1728 4266 Ebr-

113 4300 297 4396 wurdiger
319 4303 385 4377 lnu
411 4303 520 4391 Gott,
544 4303 715 4380 besonder
738 4299 849 4378 lieber
868 4298 980 4389 Herr,
1025 4303 1105 4381 Wir
1130 4302 1285 4385 macheu
1308 4307 1386 4384 Vns
1409 4303 1570 4384 kheinen
1598 4303 1727 4390 zwetfet

113 4419 236 4507 mehr,
274 4420 308 4496 lr
342 4423 483 4497 werdet
515 4421 611 4498 euch
646 4421 742 4499 noch
767 4417 962 4514 vnabsellig
990 4422 1226 4506 zuentsrmen
1244 4425 1387 4528 *habam
1429 4446 1508 4504 was
1532 4428 1602 4509 wir
1624 4428 1725 4512 ench.

112 4559 240 4634 wegen
269 4560 396 4638 zway·
432 4542 520 4619 oder
549 4543 680 4639 dreyer
707 4539 1002 4647 Conuentualem
1042 4545 1217 4625 anderen
1247 4547 1335 4645 dato
1361 4572 1417 4648 14
1442 4549 1594 4650 sumat
1621 4546 1727 4627 Erwi·

1593 4669 1727 4749 cheneu

151 4756 197 4846 g>
223 4750 546 4845 Tom.310.fol.14,
695 4818 699 4824 .
