3736 5160
127 112 196 202 14'
733 118 1155 217 *mm

226 308 259 388 7.
286 289 448 369 Traditio
468 285 536 379 est,
565 292 749 373 Heinrirnm
768 296 868 375 bunc
892 305 927 376 S.
946 307 1075 381 conradi
1096 304 1227 380 Patrem·
1246 305 1285 383 in
1313 303 1544 387 Altdorll'enli
1569 311 1760 395 Asceterio'

125 410 308 488 tumulum
331 412 521 502 inuenisse,
544 409 591 491 de
611 417 730 492 Matre
754 440 796 494 ac
817 418 999 498 Fratribus
1029 424 1185 502 affirmat
1210 430 1282 502 Vtro
1305 429 1343 501 S
1364 432 1496 505 &madi
1509 432 1662 511 Saeculo
1677 436 1760 517 xli

126 530 274 621 eadem,
301 557 374 632 qua
398 535 581 614 Chronica
605 539 652 611 de
676 538 814 614 Guellis
843 564 955 619 manu
976 556 1147 630 exarata,
1190 546 1373 647 sequentia
1404 547 1541 627 ibidem
1566 554 1756 650 legrmtur·

129 649 196 730 Va·
218 675 319 731 nvnc
339 679 448 751 proque
468 656 506 733 &
529 680 605 732 usn
631 682 700 732 rum
716 658 805 733 Flos
817 663 887 755 fids
910 665 1044 758 Rudolfo
1059 681 1146 763 atque
1171 667 1306 759 Wclforu
1326 685 1445 766 corpore
1456 671 1576 767 sepulta
1592 679 1757 774 requiescit.

124 772 230 851 Haec
249 797 335 871 ergo
359 774 519 873 Corpora
537 781 641 852 Secuto
656 778 717 853 ΧΓ.
739 797 761 852 a
780 779 916 874 Wlsone
933 793 1020 858 tertio
1037 783 1144 861 huc
1133 807 1173 862 m
1200 787 1337 864 Mentem
1358 791 1395 865 S
1420 789 1560 866 Martini
1578 795 1764 874 translata·

123 917 199 971 non
218 894 314 981 suot,
341 908 381 972 vt
398 897 600 974 recentiora
622 900 801 997 quaedam
824 902 1085 992 Monumenta,
1111 905 1151 983 δι
1175 907 1381 983 communis
1401 909 1577 989 Persuasro
1595 915 1753 1002 habent,
1841 914 1844 918 ⁴

124 1015 397 1092 contraFidem
416 1016 647 1117 indubiorum
663 1020 701 1097 &
717 1022 1038 1119 antiquissimorum
1063 1024 1172 1103 MSS.
1191 1027 1449 1115 nostrorum:
1437 1051 1553 1108 immo
1570 1039 1753 1113 contradi-

123 1147 231 1211 cente
249 1133 322 1232 ipso
344 1134 628 1236 chronographo
650 1141 697 1216 de
716 1141 874 1229 Guelfis,
903 1144 1031 1243 quiC.
1052 1146 1125 1224 Vll.
1155 1145 1348 1226 distinttim
1381 1165 1589 1241 enumerat,
1621 1181 1752 1252 quorum

125 1252 205 1330 oua
219 1255 265 1331 de
286 1253 382 1332 Villa
403 1257 505 1332 inS
526 1256 674 1334 Martini
700 1262 869 1337 Moutem
894 1264 1071 1343 translata
1094 1267 1192 1355 sunt,
1218 1290 1350 1366 nempe
1372 1269 1481 1344 Patres
1486 1271 1542 1367 sur
1563 1273 1682 1368 Guetfi,
1708 1280 1753 1366 θ’

122 1373 239 1450 Patrai
260 1374 404 1450 Heinricr'
426 1375 539 1473 (illius
564 1377 717 1468 scilicet,
749 1379 872 1478 quiin
896 1382 997 1460 Valle
1022 1382 1131 1460 athei
1121 1409 1182 1462 na
1200 1388 1297 1484 apud
1318 1385 1472 1464 Lounon
1499 1388 1582 1465 saxo
1613 1398 1752 1490 percul-

121 1490 181 1570 sus
200 1493 358 1589 interiit)
383 1494 421 1572 dr
440 1496 507 1570 Aur·
528 1496 686 1592 Roudolfi,
712 1523 809 1575 error
836 1524 884 1576 ex
914 1498 1163 1582 Homonomia
1191 1508 1394 1585 Nominum
1419 1522 1519 1584 ortus
1547 1511 1615 1597 est,
1659 1519 1750 1594 dum

120 1614 305 1693 Heinricnm
336 1616 566 1710 &liudolfum
594 1618 632 1693 S
657 1618 817 1696 Conradi
841 1622 972 1696 Patrem
994 1624 1033 1703 dr
1056 1625 1199 1701 Fratrem
1220 1649 1304 1703 cum
1320 1627 1398 1714 his,
1427 1630 1474 1704 de
1503 1631 1634 1728 quibus
1662 1658 1750 1712 mox

117 1735 290 1819 laudatus
301 1733 525 1834 Anonymus
543 1737 874 1836 Weing.,1ncauta
887 1741 1081 1822 Posteritas
1101 1745 1276 1822 confudit.
1301 1746 1377 1824 Sed
1390 1747 1508 1825 dehis
1522 1751 1583 1827 suo
1599 1752 1691 1831 loco.

722 2084 726 2090 ,
851 1981 893 2102 p.
952 1987 1019 2073 ur.

447 2174 510 2261 Dc
547 2175 904 2294 Altomenasterienstr
943 2179 1100 2267 &euobis
1144 2180 1414 2316 instauratione.
1500 2164 1503 2171 ¹

219 2338 252 2445 r.
275 2360 378 2440 Nihil
390 2361 711 2461 vspiamreperire
737 2362 878 2449 Licuit,
916 2386 1010 2461 quae
1035 2364 1171 2439 fuerint
1200 2367 1407 2441 Monalterii
1426 2367 1464 2441 S.
1488 2363 1635 2439 Altonis
1657 2361 1747 2438 Fata

118 2484 166 2562 nb
192 2506 239 2559 eo
261 2494 443 2581 tempore,
474 2504 545 2582 quo
568 2482 612 2556 ab
642 2481 791 2556 Heinrico
818 2481 1146 2576 Ambergouienses
1178 2505 1322 2582 quoque
1352 2481 1524 2558 Monachi
1558 2480 1627 2556 illis
1659 2507 1747 2558 con·

118 2601 206 2681 nexi
228 2604 327 2687 luntr
354 2624 423 2677 nec
442 2601 549 2681 vilius
573 2601 696 2710 saltem
719 2601 877 2678 Abbatis
899 2599 1075 2679 memoria
1095 2602 1304 2699 eonseruata
1322 2602 1392 2685 ellr
1417 2613 1605 2702 propterea
1628 2605 1744 2698 quod.

90 2790 95 2797 .
118 2723 431 2826 quemadmodum
454 2723 686 2822 conqueritur
709 2725 815 2804 Vitae
831 2723 868 2800 S.
886 2721 1033 2799 Altonis
1051 2721 1229 2818 Scriptor,
1253 2747 1296 2800 ea
1317 2746 1410 2821 quae
1435 2720 1566 2797 litteris
1587 2721 1747 2797 reserun-

120 2855 181 2922 tur
203 2843 355 2930 tradita,
381 2843 610 2945 postmodum
632 2844 768 2921 furtiue
789 2841 909 2920 ablata
931 2841 1021 2939 sunt.
1072 2841 1184 2918 Haec
1204 2843 1289 2918 furti
1311 2840 1457 2939 suspicio
1478 2836 1745 2918 in‘Monachos

119 2965 258 3044 nostros
280 2965 409 3041 cadere
431 2962 557 3064 pollet,
583 2964 680 3065 quast
712 2965 756 3051 ii,
797 2964 943 3062 quando
967 2986 1015 3038 ex
1036 2961 1283 3039 Altomunlter
1302 2965 1545 3058 emigrarunt,
1571 2962 1746 3038 litteraria

118 3087 361 3188 Monumenta
381 3085 502 3161 secum
524 3082 761 3162 Altdorffrum
786 3081 946 3158 tulerint.
999 3080 1157 3169 Demus,
1181 3104 1246 3156 eos
1268 3082 1339 3156 hoc
1363 3080 1497 3166 fecille,
1532 3106 1620 3159 num
1645 3082 1746 3158 Furti

119 3204 286 3284 damnari
312 3203 453 3303 poliunt
469 3202 515 3291 ii,
541 3203 604 3303 qui
623 3204 685 3280 sua
706 3202 827 3281 secum
851 3192 1047 3280 aruerunt?
1084 3203 1252 3300 quamuis
1274 3204 1312 3280 dt
1334 3199 1398 3277 ista
1422 3200 1632 3298 scriptorum
1660 3203 1745 3276 alie·

119 3326 222 3405 natio
251 3323 353 3399 nulla
381 3323 524 3400 ratione
544 3323 614 3399 niti
640 3323 802 3410 videtur,
835 3344 948 3423 quum
978 3321 1017 3396 in
1053 3321 1222 3398 omnibus
1257 3321 1386 3397 nollris
1418 3321 1555 3396 scriniis
1590 3323 1641 3396 nil
1672 3321 1745 3396 tale

120 3444 266 3530 existat,
291 3465 360 3519 nec
382 3465 556 3542 umquam
581 3434 763 3528 extiterit,
789 3441 854 3519 nisr
874 3436 950 3518 sors
970 3441 1189 3526 contendas,
1221 3464 1266 3516 ea
1293 3440 1524 3516 Documenta
1553 3465 1637 3517 cum
1664 3444 1745 3516 illo-

120 3564 275 3644 nasterio
301 3561 516 3660 Abdnffenfi,
542 3563 640 3662 quod
662 3561 783 3661 postea
802 3561 962 3639 flammis
983 3558 1207 3639 combustum
1228 3559 1295 3649 est,
1326 3559 1428 3639 sunul
1448 3561 1485 3634 in
1505 3561 1656 3636 Cineres
1683 3563 1745 3637 ab·

112 3668 205 3762 iisse.
256 3686 390 3764 Verum
413 3683 450 3759 in
475 3680 664 3783 propatulo
687 3680 755 3769 est,
795 3700 905 3781 quem
926 3681 1167 3757 Monumenta
1188 3679 1280 3756 haec
1309 3678 1597 3756 defideratiffima
1626 3680 1745 3761 casum

119 3804 309 3911 subierint,
334 3802 549 3889 Bauariam,
573 3823 615 3876 ac
637 3800 812 3878 Sueuiam
836 3800 884 3876 ad
903 3822 1017 3898 nsque
1032 3798 1153 3876 lacum
1166 3798 1353 3876 lemanum
1370 3799 1560 3876 SeculoX.
1580 3800 1745 3899 frequen-

121 3926 221 4005 tibus
237 3903 309 4000 illis
333 3922 589 4031 Hungarorum
613 3918 743 3996 lncurs
745 3920 815 3997 bus
837 3919 945 3996 foede
967 3919 1185 4017 barbaraque
1209 3919 1446 4018 depopulatas
1476 3919 1597 4005 suiss'e,
1620 3920 1745 3996 notius

121 4047 189 4137 eli,
205 4067 323 4182 quam
347 4054 389 4119 vt
418 4025 491 4119 vlla
515 4040 722 4119 induitione
749 4061 891 4139 opust
867 4036 891 4113 Γ
894 4050 932 4125 t
970 4037 1010 4114 id
1030 4037 1192 4138 pluribus
1224 4041 1467 4138 comprobare.
1519 4022 1745 4119 Monalteriis

120 4165 307 4267 inprimis,
333 4175 371 4241 vt
391 4185 483 4262 quae
502 4186 547 4239 eo
569 4185 662 4239 aeuo
682 4185 729 4235 ne
749 4159 898 4258 quidem
925 4179 1031 4236 muro
1055 4157 1312 4254 cingebantur,
1338 4159 1450 4235 Pestis
1469 4159 1540 4235 illa
1549 4161 1745 4240 saeuiffime

117 4283 304 4369 incubuit,
327 4283 427 4382 quod
447 4281 624 4357 sexcentis
641 4277 775 4380 possem
796 4278 985 4377 Exemplis
1005 4279 1242 4354 communire.
1292 4281 1391 4377 Ager
1414 4268 1603 4378 praecipue
1618 4282 1745 4377 Augu·

119 4404 241 4483 stanus
261 4402 488 4503 frequentius
503 4402 578 4480 vim
592 4398 774 4487 hostium,
798 4398 1060 4476 Historicorum
1077 4398 1287 4488 Relatioue,
1310 4399 1487 4498 perpellus
1509 4401 1575 4488 est,
1601 4404 1637 4478 dt
1657 4401 1745 4478 hinc

117 4521 255 4625 conjici
281 4523 406 4611 datur,
431 4521 561 4601 laeam
584 4514 707 4607 suffer
739 4531 780 4601 vt
799 4518 1026 4599 Coenobium
1044 4516 1082 4596 S.
1103 4518 1250 4596 Altonis
1283 4518 1403 4596 ruinis
1427 4520 1498 4598 suis
1526 4520 1743 4620 sepeliretur,

1614 4642 1745 4719 Mona-
