3736 5160
79 361 84 375 ,
638 232 1102 345 »wormes
1611 264 1686 352 ..ῃ

60 443 120 525 lsi,
148 418 188 514 'so
211 382 493 514 ersochen‘wn‘
514 431 579 508 Sie
605 429 699 505 auch
721 452 787 531 vor
809 420 976 505 diesimal
1010 422 1143 535 hiemit
1165 420 1212 506 'in
1244 431 1507 519 sretlndschast,
1538 431 1687 511 dieweil

61 563 131 638 den
157 555 340 660 gristlicben
366 555 403 628 in
428 555 501 629 den
524 550 735 651 guflbtr'ufirm
766 550 1026 627 einzultehren
1043 553 1270 652 vnbeqaem,
1306 552 1370 629 Sie
1401 552 1509 649 molle
1532 553 1687 628 dieselbe

61 683 135 779 bey
158 680 272 757 dieser
294 673 430 772 Reysse
454 671 631 765 zutwillig
652 668 870 763 ausnebmen
897 673 972 747 und
998 672 1311 749 accommodieren
1335 671 1453 747 lassen.
1490 672 1566 747 Das
1588 670 1687 747 seind

62 792 145 878 wir
168 820 281 895 gegen
308 795 352 870 E.
379 793 502 871 Ehrw'.
524 791 656 867 in-dar
680 787 845 884 'gleichen
871 792 947 867 und
971 792 1155 869 mehrerm
1177 815 1225 868 zu
1245 791 1450 869 erwideren
1481 792 1557 866 und
1582 792 1688 865 dero-

60 920 191 999 selben
203 917 301 992 ohne
324 916 392 990 das
416 912 485 989 mit
505 907 764 989 fretlndscbaslt
797 934 843 986 zu
875 910 983 988 allem
1014 925 1126 1009 goten
1158 910 1411 1010 bereittwillig.
1481 913 1617 987 Datum
1646 908 1686 984 in

60 1041 164 1121 roser
187 1038 286 1114 Statt
311 1035 403 1112 Fuld
426 1056 488 1129 am
513 1057 572 1131 24,
597 1028 734 1130 Aprilis
758 1027 870 1105 Anno
897 1038 1015 1128 1630.

514 1309 520 1319 .
596 1208 600 1215 Ι
646 1231 731 1339 Ε.
767 1232 1071 1314 Hocsrrolirden
1129 1284 1142 1305 ·.

801 1476 805 1481 .
1019 1424 1114 1503 guter
1147 1415 1272 1484 munde

667 1544 705 1617 F.
734 1547 910 1626 JOANN.
938 1544 1268 1659 BERNARDUS,
1305 1544 1420 1663 Albas.
1462 1545 1601 1631 Mppuru

157 1821 261 1904 Quae
281 1817 456 1910 hattenus
479 1817 526 1894 de
550 1810 721 1917 suppetiis
746 1817 884 1897 exteris
914 1816 1003 1896 sacri
1031 1816 1141 1896 nostri
1174 1814 1323 1894 Ordinis
1352 1812 1688 1908 Monasteriisjlatis

60 1940 171 2031 susrus
191 1962 301 2038 quarn
335 1935 605 2036 proposueram,
635 1937 674 2038 in
699 1937 864 2017 medium
888 1939 1021 2025 adtuli,
1056 1961 1167 2017 nemo
1200 1936 1327 2036 opinor
1355 1936 1394 2012 in
1426 1960 1510 2013 eam
1545 1946 1688 2036 partem

61 2056 370 2160 interpretabitur,
397 2056 494 2158 quast
517 2060 565 2134 ad
590 2060 806 2157 captandam
828 2058 969 2138 Vineae
994 2058 1135 2135 nostrae
1158 2058 1295 2134 samam
1319 2055 1520 2157 scripserim.
1582 2057 1697 2162 alen,

61 2196 139 2261 tem
167 2202 288 2258 meam
318 2174 387 2285 viri
415 2174 509 2279 dotti
536 2177 642 2254 facile
662 2178 911 2279 assequentors
943 2190 1194 2278 praeterquam
1222 2177 1321 2253 enirn
1356 2179 1455 2277 quod
1484 2178 1596 2276 probo
1621 2199 1688 2251 no·

60 2305 154 2405 rim,
180 2324 224 2375 ea
245 2297 363 2376 nollra
389 2322 464 2375 non
496 2297 577 2374 esse⁴
591 2299 650 2375 sed
674 2299 824 2377 Patrum
848 2298 1068 2385 nostrorum,
1093 2298 1234 2397 insuper
1251 2300 1291 2377 dr
1308 2296 1398 2374 illud
1417 2297 1573 2374 fidenter
1594 2294 1688 2373 affir-

61 2447 145 2519 mq,
170 2418 292 2518 potius
316 2417 484 2504 dedecori
514 2414 622 2507 haec,
654 2429 789 2513 quanta
809 2419 907 2510 sunt,
932 2418 1071 2506 sutura,
1105 2417 1172 2495 nisi
1196 2420 1428 2522 premere&
1456 2416 1520 2516 ipsi
1543 2415 1689 2512 vestigia

60 2537 372 2621 Praedecelsorum
403 2537 602 2617 nostrorum
634 2537 901 2625 adlaboremus,
945 2518 1092 2619 &tam
1121 2538 1297 2636 elegantis
1328 2538 1512 2617 dotlrinae
1541 2533 1690 2644 scientia

19 2713 22 2717 -
61 2666 215 2765 llorere,
261 2683 370 2758 quam
394 2683 442 2734 ex
466 2657 605 2754 legibus
637 2657 896 2738 benedittionis
926 2660 1145 2757 Patrumque
1163 2658 1341 2758 exemplis
1364 2659 1486 2738 viuere
1506 2648 1690 2768 prolvirili

61 2775 365 2905 contendamus.
392 2778 504 2855 Sed
490 2798 565 2872 pam
586 2777 657 2853 alio
677 2777 789 2876 stylus
813 2778 931 2856 noster
954 2778 1222 2855 conuertendus
1247 2776 1310 2854 est.

158 3022 199 3098 ln
225 3016 412 3121 principali
436 3015 606 3093 asceterio
640 3006 679 3094 S
715 3013 812 3092 Galli
838 3041 934 3093 anuo
967 3022 1033 3096 rb
1037 3032 1070 3104 8
1104 3015 1261 3094 solennis
1290 3018 1465 3114 agebatur
1492 2948 1689 3119 sanstarum

62 3141 313 3247 Reliquiarum
342 3136 553 3224 translatio,
577 3137 623 3213 ad
648 3159 758 3236 quam
778 3135 956 3214 inuitatus
979 3161 1125 3238 quoque
1144 3138 1270 3216 Abbas
1289 3138 1408 3215 noster
1429 3136 1499 3214 suit
1526 3157 1590 3234 per
1613 3129 1691 3228 epi·

63 3263 193 3340 stolam
215 3272 237 3337 a
261 3260 448 3339 Bernardo
471 3255 778 3369 Reuerendisfimo
807 3257 949 3335 Abbate
981 3261 1028 3336 ad
1061 3284 1147 3338 eum
1178 3256 1423 3356 perscriptam,
1456 3278 1552 3359 quae
1575 3251 1690 3353 poste·

10 3474 14 3497 ,
63 3376 201 3464 riorum
230 3378 408 3458 memoria
429 3376 670 3476 digniffimam
693 3367 937 3456 narrationem
961 3380 1135 3456 continet.
1184 3379 1249 3456 Sic
1268 3376 1408 3457 scribite

161 3617 501 3730 „Rranendiffimc
487 3643 523 3694 an
515 3551 674 3721 'consto
696 3615 816 3708 Pater,
840 3536 984 3694 Dominr
1009 3616 1128 3698 Amice
1155 3568 1350 3698 honorande.

86 3854 94 3867 ·
163 3813 352 3904 „Quintus
370 3812 447 3908 jam
472 3832 591 3885 annus
615 3808 671 3884 est·
689 3809 728 3887 &
753 3809 927 3908 amplius,
956 3812 1126 3889 conss,
1151 3814 1220 3889 PP.
1244 3814 1326 3895 NN.
1352 3809 1516 3890 othmari
1536 3811 1574 3890 dr
1598 3808 1691 3886 Not·

64 3936 176 4028 „lueri
203 3934 312 4026 hujus
334 3932 518 4030 quondam
545 3928 616 4005 loci
637 3928 828 4028 respesiiue
848 3932 1004 4008 Abbatis
1027 3936 1064 4010 dt
1084 3922 1273 4018 Monacbi,
1298 3934 1521 4030 aliorumque
1542 3931 1692 4006 Santin-

64 4044 179 4150 „rum
204 4051 413 4151 Reliquiae,
436 4048 600 4144 singulari
626 4049 708 4125 DEl
732 4073 882 4127 munere
905 4074 948 4127 ac
970 4051 1164 4136 beneficio,
1194 4053 1311 4129 nostro
1337 4075 1424 4131 vero
1450 4055 1589 4128 summo
1606 4071 1692 4127 curn

61 4176 229 4276 „gaudio
248 4196 291 4249 ac
312 4169 554 4247 consolatione
570 4170 690 4248 lucem
712 4169 788 4265 post
807 4170 934 4267 longas
954 4173 1122 4249 tenebras
1143 4172 1274 4250 iterum
1291 4172 1514 4270 aspexerunt.
1564 4167 1692 4246 Conti-

63 4296 246 4388 „nuimus
268 4316 331 4369 eas
351 4292 525 4369 hactenus
546 4290 587 4366 in
615 4284 758 4367 occtilto
778 4290 1048 4388 exspectantes,
1073 4296 1190 4369 donec
1211 4293 1360 4370 meliora
1385 4293 1420 4370 se
1446 4292 1692 4369 darenttem·

62 4430 208 4517 wora,
246 4412 376 4512 quibus
407 4433 490 4488 nnn
526 4408 670 4509 aliquali
698 4410 822 4488 saltem
852 4407 1066 4489 solennitate
1092 4416 1243 4492 easdem
1273 4411 1452 4512 possemus
1484 4413 1692 4490 transferre.

63 4530 148 4630 ,sit
169 4531 339 4633 quamuis
365 4532 477 4608 modo
496 4553 611 4635 aeque
640 4530 767 4609 misera
785 4544 930 4635 atque
916 4544 1016 4622 tum,
1041 4533 1116 4611 imo
1138 4535 1320 4611 miseriora
1341 4536 1604 4633 pmpemodum
1624 4558 1693 4613 nos

62 4662 261 4754 ,tempora
282 4663 492 4743 exerceant,
530 4674 606 4728 non
634 4650 843 4751 putarimus
876 4662 1002 4743 tamen
1034 4655 1232 4754 negotium
1253 4653 1402 4762 ulterius
1431 4654 1694 4778 disserendum,

848 4770 955 4849 000
1603 4777 1696 4870 „sed
