3736 5160
128 202 174 259 to
424 260 431 288 ι
571 219 573 223 ·
733 160 1154 276 *mim*

130 362 213 441 sunt
230 359 422 459 Anonymi
448 363 495 440 de
516 359 667 439 Guessis.
736 359 830 458 Ejus
859 360 1120 461 Epithaphium
1148 387 1196 441 ex
1221 360 1438 439 Monasterio
1466 350 1764 459 vangadiciensi,

129 483 193 561 -vbi
210 482 405 583 sepulcrum
425 483 576 569 meruit,
602 480 708 559 nobis
729 483 900 559 Seruauit
923 484 1144 563 Muratorius
1171 485 1275 561 Tom.
1291 484 1348 560 IV.
1376 484 1528 584 Antiqq.
1547 483 1659 562 lrasic
1683 484 1765 562 Dis·

135 606 211 681 sert.
235 627 293 697 51.
325 625 407 703 pag.
423 610 508 700 607,
578 601 759 692 Marmore,
800 603 936 702 inquit,
976 607 1117 702 irffcrspto
1136 622 1201 679 om
1235 606 1391 679 Memorio
1415 610 1605 699 senegundis
1635 611 1680 685 ssi
1707 608 1764 703 fi·

130 732 251 822 postor,
277 749 387 820 quon,
412 726 524 820 nescio,
550 727 655 820 pressus
669 727 778 799 tasum
791 725 897 819 fretur
920 725 1048 798 aornar
1067 702 1204 823 scriptor
1226 729 1338 821 oycsor,
1374 728 1467 799 Anno
1488 726 1641 800 sssLVss.
1660 724 1764 814 finem

130 847 257 920 uiuendi
279 838 394 942 seriffi.
468 843 689 921 Muratoriur
720 844 871 921 omnino
903 841 1024 921 censet
1049 843 1312 942 cumprimum
1349 845 1445 921 circa
1465 846 1617 923 Annum
1639 843 1760 923 MLX.

135 964 354 1064 Supremum
381 963 501 1042 obiisse
519 964 640 1040 Diem.
1590 959 1597 967 '

233 1230 287 1280 10.
315 1205 379 1281 Hir
395 1205 536 1290 Liberis,
563 1204 602 1284 &
626 1205 700 1281 Vtro
721 1203 899 1283 defundis
916 1207 983 1301 soso
1007 1204 1181 1304 superstes
1203 1203 1273 1281 fuit
1293 1203 1413 1288 smsao,
1439 1201 1670 1306 irmengardis,
1696 1204 1760 1287 seu

131 1321 332 1401 srmemmss
351 1327 398 1401 de
415 1326 601 1422 Gsizberg,
627 1326 664 1400 id
691 1326 740 1399 est
760 1325 991 1422 Lucemssurg
1015 1325 1103 1400 Fisia
1130 1325 1276 1398 Frr‘drrr’cs
1297 1325 1413 1407 Ducis,
1440 1324 1484 1398 ad
1512 1348 1622 1422 quam
1644 1348 1760 1401 omne

127 1442 396 1527 Patrimonium
419 1445 625 1521 Guesficum
646 1443 859 1520 deuolutum
879 1446 949 1533 est,
985 1449 1021 1523 dr
1053 1444 1112 1519 cui
1142 1443 1405 1521 diuturniorem
1438 1443 1562 1520 Vitam
1590 1457 1761 1541 precatur

124 1565 286 1667 scriptor.
342 1564 468 1661 Itaque
490 1564 641 1641 dubium
664 1563 737 1659 jam
767 1564 906 1645 nussum
936 1565 1106 1662 superesse
1133 1563 1265 1659 potest,
1298 1563 1411 1641 vitam
1440 1563 1477 1639 S.
1500 1563 1647 1638 Astonis
1681 1588 1760 1643 non

40 1778 42 1791 y
126 1685 173 1763 ab
195 1684 396 1782 Anonymo
418 1687 517 1759 Secoss
535 1687 659 1772 decimi,
678 1683 806 1760 ¹minuc
821 1692 912 1769 mnia
936 1685 996 1761 sed
1010 1684 1086 1781 post
1099 1683 1221 1760 Secusi
1235 1683 1293 1760 xi
1313 1682 1495 1769 medium,
1520 1683 1664 1760 circiter
1678 1683 1761 1762 An·

126 1830 216 1885 num
234 1784 353 1883 MLX.
375 1805 613 1901 conscriptam
638 1803 749 1880 suisse.
824 1806 1038 1893 Enimvero,
1070 1817 1112 1883 vt
1143 1802 1425 1881 demonstratum
1451 1802 1518 1891 est,
1559 1803 1758 1895 Personae,

125 1950 278 2026 quarum
295 1924 483 2012 meminit,
506 1922 644 1999 saeculo
658 1925 806 2000 demum
824 1924 884 2000 XI.
908 1924 1031 2003 vixere
1063 1927 1100 2003 dr
1119 1923 1257 2008 obiere,
1292 1924 1438 2021 scriptor
1463 1935 1587 2000 autem
1613 1925 1759 2003 duobus

40 2078 44 2085 ·
125 2069 236 2146 prope
254 2045 402 2123 saeculis
423 2045 447 2121 sr
471 2045 571 2143 prius
594 2042 749 2132 vixisset,
772 2042 903 2121 harum
932 2044 1057 2144 vtique
1082 2068 1142 2120 res
1171 2043 1287 2140 gestas
1318 2043 1539 2122 conscribere
1566 2043 1667 2121 nussa
1699 2070 1756 2123 ra·

126 2167 228 2246 tione
247 2165 422 2264 quiuisset
473 2167 595 2250 Quum
618 2162 726 2259 igitur
749 2165 862 2241 etiam
894 2189 939 2240 eo
975 2164 1094 2241 adhuc
1119 2176 1283 2263 tempore
1308 2166 1456 2262 praesenti
1484 2173 1552 2239 viro
1579 2172 1694 2260 possem
1711 2164 1757 2258 fit

90 2342 92 2349 -
125 2285 297 2365 Haimims
327 2287 452 2369 Absor,
488 2293 589 2359 certo
615 2282 749 2357 certius
770 2283 821 2358 est
844 2286 1014 2382 &ipsum
1041 2284 1118 2380 post
1152 2283 1317 2360 medium
1345 2285 1524 2360 saecusum
1545 2284 1603 2359 Xs.
1633 2278 1755 2362 adhuc

127 2404 270 2493 vixisse,
295 2402 358 2503 qui
380 2416 504 2480 tamen
528 2405 564 2479 in
585 2401 726 2477 cineres
741 2401 857 2500 redigi
877 2404 969 2480 haut
989 2403 1097 2481 dubie
1114 2401 1343 2500 jampridem
1365 2403 1552 2490 debuisset,
1576 2401 1619 2493 si,
1653 2405 1754 2505 quod

124 2526 207 2609 pust
229 2523 450 2614 Bucesinus,
479 2521 554 2620 jam
579 2545 677 2599 anno
695 2544 778 2622 972.
800 2524 858 2604 ves
886 2538 968 2619 985.
997 2522 1153 2602 Altorfio
1179 2545 1264 2601 cum
1287 2522 1358 2600 suis
1381 2523 1612 2620 inmigrasset.
1676 2524 1753 2604 sm

121 2647 168 2729 de
194 2643 268 2727 hoc
289 2642 394 2723 infra.
442 2718 445 2722 ,
1737 2640 1742 2649 ’

861 2870 901 2989 p.
958 2875 1006 2961 11.

239 3058 303 3148 Dr
350 3056 567 3145 Fundatione
616 3055 731 3142 caue
773 3060 812 3140 in
858 3063 1099 3168 Ammergau,
1161 3054 1215 3151 &⁹
1253 3058 1350 3172 Ejus
1392 3061 1525 3147 Vnsone
1558 3086 1636 3146 cam

648 3192 993 3307 Astomonasterimfi
1051 3196 1224 3281 Commio.

115 3407 127 3427 ··
219 3400 252 3454 a.
277 3379 515 3476 Praeponitur
537 3378 740 3475 Anonymo
763 3376 810 3450 de
836 3377 975 3452 Guessis
996 3378 1103 3452 Arbor
1119 3383 1325 3472 gmeongsm,
1358 3376 1394 3451 in
1417 3401 1488 3475 qua
1504 3377 1574 3454 suis
1593 3381 1749 3481 quisque

122 3494 261 3599 cellulis
283 3497 415 3574 affabre
437 3495 797 3596 effitiusAntiquarii
819 3520 930 3572 manu
956 3496 1096 3583 visitur,
1122 3498 1233 3593 hujus
1260 3497 1380 3594 gentis
1402 3497 1568 3586 surculis,
1591 3499 1749 3597 plerum·

122 3639 193 3719 que
222 3616 402 3693 foeminae
426 3621 565 3696 onres
593 3618 695 3694 snmus
723 3617 837 3715 pittae
867 3617 1046 3692 adfistunt.
1105 3619 1164 3694 ssd
1193 3621 1347 3694 Ericnmis
1378 3619 1544 3711 Imaginem
1571 3619 1663 3696 haec
1685 3622 1749 3699 ad·

120 3736 249 3834 scripta
270 3735 389 3833 segete
411 3739 477 3814 ess:
519 3743 556 3811 ob
573 3744 624 3812 boc
646 3745 720 3833 cepit
744 3735 929 3829 Astorfmfir
963 3736 1101 3811 Annam
1135 3746 1168 3811 sn
1203 3739 1387 3833 Amsagm.
1449 3742 1530 3821 Qua
1562 3739 1747 3818 occasione

121 3857 311 3936 conditum
330 3857 403 3932 issic
427 3856 661 3933 Domicisium
685 3856 949 3932 Monachorum
980 3855 1039 3943 fit,
1075 3868 1196 3930 narrat
1218 3858 1440 3955 Anonymus
1464 3858 1746 3955 weingartenfls

120 3999 196 4075 cap.
221 4003 256 4073 3.
307 3978 443 4066 „nram
468 4020 516 4034 -
549 4019 599 4034 —
628 3974 894 4072 genuit'srsium
924 3975 1104 4049 Heinrimm
1134 3975 1303 4051 Nomine.
1366 3977 1439 4054 Hic
1463 3979 1586 4076 itaque
1613 3981 1746 4061 Henri·

121 4121 215 4187 „cus
236 4121 320 4175 cum
344 4099 390 4173 ad
417 4097 591 4174 militares
615 4097 753 4193 Anno}
769 4093 999 4193 peruenisset,
1038 4095 1075 4171 dr
1103 4095 1185 4170 suae
1212 4096 1410 4174 voluntatis
1443 4122 1592 4197 compos
1620 4101 1744 4192 sieret,

118 4219 341 4315 „ignorante
362 4221 468 4295 Patre
490 4218 537 4294 ad
560 4218 818 4314 Imperatorem
843 4215 876 4288 se
896 4204 1068 4301 contulit,
1096 4238 1251 4313 cumque
1271 4215 1322 4291 issi
1345 4218 1481 4297 summa
1499 4220 1745 4303 familiaritate

55 4404 66 4413 .
121 4338 366 4428 „sociaretur‚
398 4341 437 4418 dr
465 4338 578 4414 totius
606 4334 750 4437 Imperii
777 4335 892 4423 vires,
925 4335 1101 4411 terminos
1129 4338 1209 4429 eius
1224 4336 1489 4439 „circumeundo
1517 4343 1553 4418 dr
1581 4354 1744 4439 pertran.

121 4459 273 4553 „fiendo
297 4460 543 4555 cognosceret,
568 4457 677 4555 ipfius
696 4455 925 4554 imperatoris
953 4455 1120 4535 Instinstu
1144 4456 1349 4533 hominium
1373 4458 1407 4530 ei
1430 4458 1467 4533 dr
1488 4461 1743 4556 subjerrmnem

52 4681 55 4685 ⁸
116 4579 254 4669 „secit,
287 4580 386 4658 &in
414 4579 590 4659 beneficio
607 4577 678 4656 ius
702 4576 804 4665 misia
823 4577 1016 4656 mansuum
1036 4577 1075 4654 in
1099 4577 1336 4675 superioribus
1361 4574 1525 4661 Partibus
1548 4579 1742 4679 Bojoariae

1661 4707 1740 4795 „ab
