<?xml version="1.0" encoding="UTF-8"?>
<!DOCTYPE html PUBLIC "-//W3C//DTD XHTML 1.0 Transitional//EN"
    "http://www.w3.org/TR/xhtml1/DTD/xhtml1-transitional.dtd">
<html xmlns="http://www.w3.org/1999/xhtml" xml:lang="en" lang="en">
 <head>
  <title>
</title>
<meta http-equiv="Content-Type" content="text/html;charset=utf-8" />
  <meta name='ocr-system' content='tesseract 3.04.00' />
  <meta name='ocr-capabilities' content='ocr_page ocr_carea ocr_par ocr_line ocrx_word'/>
</head>
<body>
  <div class='ocr_page' id='page_1' title='image "./prodromusmonume01hessgoog_0304.png"; bbox 0 0 3736 5160; ppageno 0'>
   <div class='ocr_carea' id='block_1_1' title="bbox 684 204 1710 300">
    <p class='ocr_par' dir='ltr' id='par_1_1' title="bbox 684 204 1710 300">
     <span class='ocr_line' id='line_1_1' title="bbox 684 204 1710 300; baseline -0.005 -2"><span class='ocrx_word' id='word_1_1' title='bbox 684 208 1111 300; x_wconf 45' lang='lat' dir='ltr'><strong>aaefflffmm</strong></span> <span class='ocrx_word' id='word_1_2' title='bbox 1638 204 1710 293; x_wconf 62' lang='lat' dir='ltr'><strong>m</strong></span> 
     </span>
    </p>
   </div>
   <div class='ocr_carea' id='block_1_2' title="bbox 57 373 1709 2039">
    <p class='ocr_par' dir='ltr' id='par_1_2' title="bbox 57 373 1709 2039">
     <span class='ocr_line' id='line_1_2' title="bbox 155 373 1709 480; baseline -0.012 -10"><span class='ocrx_word' id='word_1_3' title='bbox 155 376 385 470; x_wconf 72' lang='lat' dir='ltr'><strong>&#39;vndecimo</strong></span> <span class='ocrx_word' id='word_1_4' title='bbox 416 382 536 461; x_wconf 77' lang='lat' dir='ltr'><strong>statim</strong></span> <span class='ocrx_word' id='word_1_5' title='bbox 560 383 727 480; x_wconf 83' lang='lat' dir='ltr'><strong>ejusdem</strong></span> <span class='ocrx_word' id='word_1_6' title='bbox 752 383 885 461; x_wconf 85' lang='lat' dir='ltr'><strong>Mensis</strong></span> <span class='ocrx_word' id='word_1_7' title='bbox 911 384 979 460; x_wconf 90' lang='lat' dir='ltr'><strong>Die</strong></span> <span class='ocrx_word' id='word_1_8' title='bbox 999 385 1141 463; x_wconf 86' lang='lat' dir='ltr'><strong>Morcus</strong></span> <span class='ocrx_word' id='word_1_9' title='bbox 1166 383 1307 463; x_wconf 79' lang='lat' dir='ltr'><strong>Sitticus</strong></span> <span class='ocrx_word' id='word_1_10' title='bbox 1329 383 1367 458; x_wconf 89' lang='lat' dir='ltr'><strong>S.</strong></span> <span class='ocrx_word' id='word_1_11' title='bbox 1384 378 1492 467; x_wconf 71' lang='lat' dir='ltr'><strong>tta,</strong></span> <span class='ocrx_word' id='word_1_12' title='bbox 1518 376 1558 476; x_wconf 86' lang='lat' dir='ltr'><strong>d)</strong></span> <span class='ocrx_word' id='word_1_13' title='bbox 1581 373 1709 453; x_wconf 88' lang='lat' dir='ltr'><strong>Cardi-</strong></span> 
     </span>
     <span class='ocr_line' id='line_1_3' title="bbox 75 492 1708 604; baseline -0.01 -17"><span class='ocrx_word' id='word_1_14' title='bbox 75 508 175 588; x_wconf 87' lang='lat' dir='ltr'><strong>ualis</strong></span> <span class='ocrx_word' id='word_1_15' title='bbox 200 507 455 604; x_wconf 86' lang='lat' dir='ltr'><strong>&amp;Episcopus</strong></span> <span class='ocrx_word' id='word_1_16' title='bbox 482 502 762 580; x_wconf 86' lang='lat' dir='ltr'><strong>Constantiensis</strong></span> <span class='ocrx_word' id='word_1_17' title='bbox 786 517 893 603; x_wconf 88' lang='lat' dir='ltr'><strong>atque</strong></span> <span class='ocrx_word' id='word_1_18' title='bbox 916 503 1104 580; x_wconf 84' lang='lat' dir='ltr'><strong>Ludouicus</strong></span> <span class='ocrx_word' id='word_1_19' title='bbox 1133 492 1413 603; x_wconf 72' lang='lat' dir='ltr'><strong>Wir&#39;ttmbergr‘oe</strong></span> <span class='ocrx_word' id='word_1_20' title='bbox 1438 499 1544 585; x_wconf 79' lang='lat' dir='ltr'><strong>Dux,</strong></span> <span class='ocrx_word' id='word_1_21' title='bbox 1580 497 1708 587; x_wconf 84' lang='lat' dir='ltr'><strong>Circu-</strong></span> 
     </span>
     <span class='ocr_line' id='line_1_4' title="bbox 78 612 1707 715; baseline -0.008 -10"><span class='ocrx_word' id='word_1_22' title='bbox 78 629 106 705; x_wconf 87' lang='lat' dir='ltr'><strong>ti</strong></span> <span class='ocrx_word' id='word_1_23' title='bbox 131 629 354 714; x_wconf 74' lang='lat' dir='ltr'><strong>Direstores,</strong></span> <span class='ocrx_word' id='word_1_24' title='bbox 379 624 534 700; x_wconf 86' lang='lat' dir='ltr'><strong>statuum</strong></span> <span class='ocrx_word' id='word_1_25' title='bbox 559 622 774 698; x_wconf 89' lang='lat' dir='ltr'><strong>Conuentus</strong></span> <span class='ocrx_word' id='word_1_26' title='bbox 800 624 846 698; x_wconf 89' lang='lat' dir='ltr'><strong>ad</strong></span> <span class='ocrx_word' id='word_1_27' title='bbox 877 649 930 698; x_wconf 87' lang='lat'><strong>12.</strong></span> <span class='ocrx_word' id='word_1_28' title='bbox 955 623 1080 701; x_wconf 84' lang='lat' dir='ltr'><strong>Martii</strong></span> <span class='ocrx_word' id='word_1_29' title='bbox 1110 621 1227 700; x_wconf 75' lang='lat' dir='ltr'><strong>sllrnoe</strong></span> <span class='ocrx_word' id='word_1_30' title='bbox 1252 623 1480 707; x_wconf 84' lang='lat' dir='ltr'><strong>indixerunt,</strong></span> <span class='ocrx_word' id='word_1_31' title='bbox 1512 612 1707 715; x_wconf 81' lang='lat' dir='ltr'><strong>praemillia</strong></span> 
     </span>
     <span class='ocr_line' id='line_1_5' title="bbox 79 736 1705 841; baseline -0.007 -18"><span class='ocrx_word' id='word_1_32' title='bbox 79 745 359 824; x_wconf 89' lang='lat' dir='ltr'><strong>Deliberatiouis</strong></span> <span class='ocrx_word' id='word_1_33' title='bbox 381 741 619 819; x_wconf 88' lang='lat' dir='ltr'><strong>instituendae</strong></span> <span class='ocrx_word' id='word_1_34' title='bbox 644 740 855 818; x_wconf 85' lang='lat' dir='ltr'><strong>Momeutis.</strong></span> <span class='ocrx_word' id='word_1_35' title='bbox 945 742 1044 819; x_wconf 85' lang='lat' dir='ltr'><strong>Inter</strong></span> <span class='ocrx_word' id='word_1_36' title='bbox 1075 765 1169 841; x_wconf 92' lang='lat' dir='ltr'><strong>quae</strong></span> <span class='ocrx_word' id='word_1_37' title='bbox 1201 766 1314 819; x_wconf 90' lang='lat' dir='ltr'><strong>vnum</strong></span> <span class='ocrx_word' id='word_1_38' title='bbox 1328 826 1331 831; x_wconf 16' lang='lat'><strong>⁴</strong></span> <span class='ocrx_word' id='word_1_39' title='bbox 1346 766 1392 815; x_wconf 83' lang='lat' dir='ltr'><strong>ex</strong></span> <span class='ocrx_word' id='word_1_40' title='bbox 1423 736 1625 837; x_wconf 80' lang='lat' dir='ltr'><strong>praecipuis</strong></span> <span class='ocrx_word' id='word_1_41' title='bbox 1659 760 1705 812; x_wconf 92' lang='lat' dir='ltr'><strong>eo</strong></span> 
     </span>
     <span class='ocr_line' id='line_1_6' title="bbox 74 858 1706 966; baseline -0.007 -22"><span class='ocrx_word' id='word_1_42' title='bbox 74 868 276 966; x_wconf 68' lang='lat' dir='ltr'><strong>foedabat,</strong></span> <span class='ocrx_word' id='word_1_43' title='bbox 321 877 362 940; x_wconf 91' lang='lat' dir='ltr'><strong>vt</strong></span> <span class='ocrx_word' id='word_1_44' title='bbox 406 861 527 939; x_wconf 77' lang='lat' dir='ltr'><strong>carolo</strong></span> <span class='ocrx_word' id='word_1_45' title='bbox 561 859 755 936; x_wconf 82' lang='lat' dir='ltr'><strong>Marcbioni</strong></span> <span class='ocrx_word' id='word_1_46' title='bbox 784 858 930 964; x_wconf 82' lang='lat' dir='ltr'><strong>Badeafi</strong></span> <span class='ocrx_word' id='word_1_47' title='bbox 961 873 1022 959; x_wconf 58' lang='grc' dir='ltr'><strong>ε).</strong></span> <span class='ocrx_word' id='word_1_48' title='bbox 1045 862 1159 938; x_wconf 76' lang='lat' dir='ltr'><strong>latiae</strong></span> <span class='ocrx_word' id='word_1_49' title='bbox 1191 860 1257 936; x_wconf 75' lang='lat' dir='ltr'><strong>osio</strong></span> <span class='ocrx_word' id='word_1_50' title='bbox 1294 860 1432 935; x_wconf 68' lang='lat' dir='ltr'><strong>croissiam</strong></span> <span class='ocrx_word' id='word_1_51' title='bbox 1466 859 1706 945; x_wconf 84' lang='lat' dir='ltr'><strong>florenorum,</strong></span> 
     </span>
     <span class='ocr_line' id='line_1_7' title="bbox 75 976 1704 1080; baseline -0.006 -19"><span class='ocrx_word' id='word_1_52' title='bbox 75 984 287 1061; x_wconf 78' lang='lat' dir='ltr'>transeunte</span> <span class='ocrx_word' id='word_1_53' title='bbox 301 981 424 1057; x_wconf 82' lang='lat' dir='ltr'><strong>Mr&#39;lr&#39;te·</strong></span> <span class='ocrx_word' id='word_1_54' title='bbox 436 979 584 1068; x_wconf 83' lang='lat' dir='ltr'><strong>Gallico,</strong></span> <span class='ocrx_word' id='word_1_55' title='bbox 610 979 795 1079; x_wconf 77' lang='lat' dir='ltr'><strong>Expensae</strong></span> <span class='ocrx_word' id='word_1_56' title='bbox 810 979 1059 1065; x_wconf 78' lang='lat' dir='ltr'><strong>restituantur3</strong></span> <span class='ocrx_word' id='word_1_57' title='bbox 1084 994 1193 1080; x_wconf 88' lang='lat' dir='ltr'><strong>atque</strong></span> <span class='ocrx_word' id='word_1_58' title='bbox 1217 979 1398 1063; x_wconf 71' lang='lat' dir='ltr'>concessae</span> <span class='ocrx_word' id='word_1_59' title='bbox 1413 978 1461 1053; x_wconf 89' lang='lat' dir='ltr'><strong>ad</strong></span> <span class='ocrx_word' id='word_1_60' title='bbox 1483 976 1704 1052; x_wconf 80' lang='lat' dir='ltr'><strong>muniendos</strong></span> 
     </span>
     <span class='ocr_line' id='line_1_8' title="bbox 70 1092 1704 1205; baseline -0.006 -24"><span class='ocrx_word' id='word_1_61' title='bbox 70 1101 289 1199; x_wconf 82' lang='lat' dir='ltr'><strong>Hungariae</strong></span> <span class='ocrx_word' id='word_1_62' title='bbox 302 1172 309 1205; x_wconf 24' lang='grc' dir='ltr'><strong>,Ι</strong></span> <span class='ocrx_word' id='word_1_63' title='bbox 317 1099 455 1187; x_wconf 87' lang='lat' dir='ltr'><strong>limites</strong></span> <span class='ocrx_word' id='word_1_64' title='bbox 486 1097 662 1195; x_wconf 89' lang='lat' dir='ltr'><strong>pecuniae</strong></span> <span class='ocrx_word' id='word_1_65' title='bbox 687 1113 931 1175; x_wconf 85' lang='lat' dir='ltr'><strong>numerentur.</strong></span> <span class='ocrx_word' id='word_1_66' title='bbox 989 1098 1131 1177; x_wconf 88' lang='lat' dir='ltr'><strong>Eodem</strong></span> <span class='ocrx_word' id='word_1_67' title='bbox 1157 1123 1254 1175; x_wconf 87' lang='lat' dir='ltr'><strong>anno</strong></span> <span class='ocrx_word' id='word_1_68' title='bbox 1292 1123 1346 1196; x_wconf 81' lang='lat'><strong>14</strong></span> <span class='ocrx_word' id='word_1_69' title='bbox 1372 1096 1470 1196; x_wconf 84' lang='lat' dir='ltr'><strong>Junii</strong></span> <span class='ocrx_word' id='word_1_70' title='bbox 1511 1092 1704 1191; x_wconf 69' lang='lat' dir='ltr'><strong>Wlbesnras</strong></span> 
     </span>
     <span class='ocr_line' id='line_1_9' title="bbox 66 1214 1702 1317; baseline -0.007 -16"><span class='ocrx_word' id='word_1_71' title='bbox 66 1218 377 1308; x_wconf 79' lang='lat' dir='ltr'><strong>Palatinasslbeni,</strong></span> <span class='ocrx_word' id='word_1_72' title='bbox 418 1218 456 1296; x_wconf 80' lang='lat' dir='ltr'><strong>de</strong></span> <span class='ocrx_word' id='word_1_73' title='bbox 487 1218 674 1315; x_wconf 70' lang='lat' dir='ltr'><strong>utriusque</strong></span> <span class='ocrx_word' id='word_1_74' title='bbox 700 1218 877 1315; x_wconf 87' lang='lat' dir='ltr'><strong>Bauariae</strong></span> <span class='ocrx_word' id='word_1_75' title='bbox 902 1218 987 1294; x_wconf 85' lang='lat' dir='ltr'><strong>Dux</strong></span> <span class='ocrx_word' id='word_1_76' title='bbox 1011 1219 1108 1295; x_wconf 89' lang='lat' dir='ltr'><strong>datis</strong></span> <span class='ocrx_word' id='word_1_77' title='bbox 1130 1219 1177 1317; x_wconf 92' lang='lat' dir='ltr'><strong>s)</strong></span> <span class='ocrx_word' id='word_1_78' title='bbox 1208 1215 1450 1316; x_wconf 80' lang='lat' dir='ltr'><strong>gratiosissima</strong></span> <span class='ocrx_word' id='word_1_79' title='bbox 1483 1215 1597 1291; x_wconf 84' lang='lat' dir='ltr'><strong>Manu</strong></span> <span class='ocrx_word' id='word_1_80' title='bbox 1623 1214 1702 1290; x_wconf 85' lang='lat' dir='ltr'><strong>Lit-</strong></span> 
     </span>
     <span class='ocr_line' id='line_1_10' title="bbox 63 1334 1703 1439; baseline -0.005 -20"><span class='ocrx_word' id='word_1_81' title='bbox 63 1342 166 1419; x_wconf 81' lang='lat' dir='ltr'><strong>teris</strong></span> <span class='ocrx_word' id='word_1_82' title='bbox 195 1338 320 1439; x_wconf 86' lang='lat' dir='ltr'><strong>petiit,</strong></span> <span class='ocrx_word' id='word_1_83' title='bbox 367 1348 407 1416; x_wconf 84' lang='lat' dir='ltr'><strong>vt</strong></span> <span class='ocrx_word' id='word_1_84' title='bbox 436 1336 562 1413; x_wconf 79' lang='lat' dir='ltr'><strong>Abbas</strong></span> <span class='ocrx_word' id='word_1_85' title='bbox 596 1334 789 1438; x_wconf 82' lang='lat' dir='ltr'><strong>Wolffango</strong></span> <span class='ocrx_word' id='word_1_86' title='bbox 831 1334 949 1416; x_wconf 81' lang='lat' dir='ltr'><strong>Felber</strong></span> <span class='ocrx_word' id='word_1_87' title='bbox 976 1337 1119 1415; x_wconf 87' lang='lat' dir='ltr'><strong>officiali</strong></span> <span class='ocrx_word' id='word_1_88' title='bbox 1151 1339 1212 1415; x_wconf 92' lang='lat' dir='ltr'><strong>suo</strong></span> <span class='ocrx_word' id='word_1_89' title='bbox 1246 1336 1441 1416; x_wconf 87' lang='lat' dir='ltr'><strong>saculatem</strong></span> <span class='ocrx_word' id='word_1_90' title='bbox 1468 1335 1703 1424; x_wconf 84' lang='lat' dir='ltr'><strong>concederet,</strong></span> 
     </span>
     <span class='ocr_line' id='line_1_11' title="bbox 63 1452 1700 1558; baseline -0.005 -20"><span class='ocrx_word' id='word_1_91' title='bbox 63 1462 108 1538; x_wconf 83' lang='lat' dir='ltr'><strong>se</strong></span> <span class='ocrx_word' id='word_1_92' title='bbox 142 1460 181 1538; x_wconf 79' lang='lat' dir='ltr'><strong>dc</strong></span> <span class='ocrx_word' id='word_1_93' title='bbox 211 1457 418 1555; x_wconf 87' lang='lat' dir='ltr'><strong>Principem</strong></span> <span class='ocrx_word' id='word_1_94' title='bbox 448 1455 640 1551; x_wconf 85' lang='lat' dir='ltr'><strong>conjugem</strong></span> <span class='ocrx_word' id='word_1_95' title='bbox 666 1454 782 1546; x_wconf 89' lang='lat' dir='ltr'><strong>suam,</strong></span> <span class='ocrx_word' id='word_1_96' title='bbox 812 1456 983 1535; x_wconf 88' lang='lat' dir='ltr'><strong>Thermis</strong></span> <span class='ocrx_word' id='word_1_97' title='bbox 1014 1454 1304 1558; x_wconf 71' lang='lat' dir='ltr'><strong>sssembdr&#39;nganis,</strong></span> <span class='ocrx_word' id='word_1_98' title='bbox 1341 1457 1463 1533; x_wconf 79' lang='lat' dir='ltr'><strong>usuros</strong></span> <span class='ocrx_word' id='word_1_99' title='bbox 1488 1452 1700 1530; x_wconf 86' lang='lat' dir='ltr'><strong>comitandi.</strong></span> 
     </span>
     <span class='ocr_line' id='line_1_12' title="bbox 57 1568 1701 1679; baseline 0.002 -24"><span class='ocrx_word' id='word_1_100' title='bbox 57 1580 111 1659; x_wconf 86' lang='lat' dir='ltr'><strong>ld</strong></span> <span class='ocrx_word' id='word_1_101' title='bbox 141 1572 371 1679; x_wconf 60' lang='lat' dir='ltr'><strong>quod‘tauto</strong></span> <span class='ocrx_word' id='word_1_102' title='bbox 402 1574 591 1650; x_wconf 84' lang='lat' dir='ltr'><strong>contendit</strong></span> <span class='ocrx_word' id='word_1_103' title='bbox 619 1573 754 1660; x_wconf 87' lang='lat' dir='ltr'><strong>studio,</strong></span> <span class='ocrx_word' id='word_1_104' title='bbox 790 1588 830 1654; x_wconf 86' lang='lat' dir='ltr'><strong>vt</strong></span> <span class='ocrx_word' id='word_1_105' title='bbox 854 1577 1024 1662; x_wconf 85' lang='lat' dir='ltr'><strong>adderet,</strong></span> <span class='ocrx_word' id='word_1_106' title='bbox 1059 1574 1093 1653; x_wconf 94' lang='lat' dir='ltr'><strong>se</strong></span> <span class='ocrx_word' id='word_1_107' title='bbox 1117 1600 1186 1652; x_wconf 92' lang='lat' dir='ltr'><strong>nec</strong></span> <span class='ocrx_word' id='word_1_108' title='bbox 1210 1576 1256 1653; x_wconf 91' lang='lat' dir='ltr'><strong>ab</strong></span> <span class='ocrx_word' id='word_1_109' title='bbox 1279 1576 1422 1654; x_wconf 84' lang='lat' dir='ltr'><strong>Abbate</strong></span> <span class='ocrx_word' id='word_1_110' title='bbox 1445 1570 1491 1670; x_wconf 67' lang='lat'><strong>⁰)</strong></span> <span class='ocrx_word' id='word_1_111' title='bbox 1523 1568 1701 1676; x_wconf 82' lang='lat' dir='ltr'><strong>repulsam</strong></span> 
     </span>
     <span class='ocr_line' id='line_1_13' title="bbox 63 1693 1699 1792; baseline -0.002 -16"><span class='ocrx_word' id='word_1_112' title='bbox 63 1721 191 1776; x_wconf 80' lang='lat' dir='ltr'><strong>neca</strong></span> <span class='ocrx_word' id='word_1_113' title='bbox 214 1694 353 1775; x_wconf 81' lang='lat' dir='ltr'><strong>chbero</strong></span> <span class='ocrx_word' id='word_1_114' title='bbox 373 1693 650 1771; x_wconf 83' lang='lat' dir='ltr'><strong>Excusationem</strong></span> <span class='ocrx_word' id='word_1_115' title='bbox 674 1693 888 1792; x_wconf 81' lang='lat' dir='ltr'><strong>praestolari.</strong></span> <span class='ocrx_word' id='word_1_116' title='bbox 939 1697 1059 1778; x_wconf 87' lang='lat' dir='ltr'><strong>Quare</strong></span> <span class='ocrx_word' id='word_1_117' title='bbox 1083 1707 1242 1784; x_wconf 87' lang='lat' dir='ltr'><strong>curaret,</strong></span> <span class='ocrx_word' id='word_1_118' title='bbox 1287 1705 1328 1774; x_wconf 80' lang='lat' dir='ltr'><strong>rt</strong></span> <span class='ocrx_word' id='word_1_119' title='bbox 1357 1693 1417 1769; x_wconf 90' lang='lat' dir='ltr'><strong>die</strong></span> <span class='ocrx_word' id='word_1_120' title='bbox 1451 1693 1601 1778; x_wconf 88' lang='lat' dir='ltr'><strong>Veneris</strong></span> <span class='ocrx_word' id='word_1_121' title='bbox 1631 1697 1699 1774; x_wconf 87' lang='lat' dir='ltr'><strong>SS.</strong></span> 
     </span>
     <span class='ocr_line' id='line_1_14' title="bbox 66 1812 1700 1920; baseline 0.001 -22"><span class='ocrx_word' id='word_1_122' title='bbox 66 1815 257 1918; x_wconf 80' lang='lat' dir='ltr'><strong>Apostolis</strong></span> <span class='ocrx_word' id='word_1_123' title='bbox 290 1816 397 1891; x_wconf 89' lang='lat' dir='ltr'><strong>Petro</strong></span> <span class='ocrx_word' id='word_1_124' title='bbox 438 1812 619 1891; x_wconf 81' lang='lat' dir='ltr'><strong>&amp;Paulo</strong></span> <span class='ocrx_word' id='word_1_125' title='bbox 656 1813 768 1903; x_wconf 87' lang='lat' dir='ltr'><strong>sacra,</strong></span> <span class='ocrx_word' id='word_1_126' title='bbox 806 1834 866 1908; x_wconf 83' lang='lat'><strong>29.</strong></span> <span class='ocrx_word' id='word_1_127' title='bbox 898 1812 999 1915; x_wconf 84' lang='lat' dir='ltr'><strong>Juuii</strong></span> <span class='ocrx_word' id='word_1_128' title='bbox 1030 1813 1267 1915; x_wconf 81' lang='lat' dir='ltr'><strong>Wembdingue</strong></span> <span class='ocrx_word' id='word_1_129' title='bbox 1290 1823 1390 1892; x_wconf 85' lang='lat' dir='ltr'><strong>certo</strong></span> <span class='ocrx_word' id='word_1_130' title='bbox 1412 1817 1522 1911; x_wconf 84' lang='lat' dir='ltr'><strong>adsit,</strong></span> <span class='ocrx_word' id='word_1_131' title='bbox 1563 1818 1700 1920; x_wconf 77' lang='lat' dir='ltr'><strong>sibique</strong></span> 
     </span>
     <span class='ocr_line' id='line_1_15' title="bbox 69 1929 761 2039; baseline -0.009 -24"><span class='ocrx_word' id='word_1_132' title='bbox 69 1940 174 2019; x_wconf 80' lang='lat' dir='ltr'><strong>suam</strong></span> <span class='ocrx_word' id='word_1_133' title='bbox 197 1932 434 2039; x_wconf 84' lang='lat' dir='ltr'><strong>praesentiam</strong></span> <span class='ocrx_word' id='word_1_134' title='bbox 457 1929 610 2008; x_wconf 89' lang='lat' dir='ltr'><strong>indicari</strong></span> <span class='ocrx_word' id='word_1_135' title='bbox 641 1932 761 2009; x_wconf 89' lang='lat' dir='ltr'><strong>saciat.</strong></span> 
     </span>
    </p>
   </div>
   <div class='ocr_carea' id='block_1_3' title="bbox 58 2124 1699 2827">
    <p class='ocr_par' dir='ltr' id='par_1_3' title="bbox 58 2124 1699 2827">
     <span class='ocr_line' id='line_1_16' title="bbox 172 2124 1698 2227; baseline 0.001 -20"><span class='ocrx_word' id='word_1_136' title='bbox 172 2130 254 2209; x_wconf 80' lang='lat' dir='ltr'><strong>uon</strong></span> <span class='ocrx_word' id='word_1_137' title='bbox 277 2127 395 2206; x_wconf 90' lang='lat' dir='ltr'><strong>multo</strong></span> <span class='ocrx_word' id='word_1_138' title='bbox 423 2126 499 2227; x_wconf 85' lang='lat' dir='ltr'><strong>post</strong></span> <span class='ocrx_word' id='word_1_139' title='bbox 523 2148 656 2224; x_wconf 83' lang='lat' dir='ltr'><strong>nempe</strong></span> <span class='ocrx_word' id='word_1_140' title='bbox 690 2141 744 2212; x_wconf 84' lang='lat'><strong>18.</strong></span> <span class='ocrx_word' id='word_1_141' title='bbox 768 2124 852 2224; x_wconf 84' lang='lat' dir='ltr'><strong>Julil</strong></span> <span class='ocrx_word' id='word_1_142' title='bbox 885 2126 1011 2205; x_wconf 84' lang='lat' dir='ltr'><strong>Abbaa</strong></span> <span class='ocrx_word' id='word_1_143' title='bbox 1042 2125 1082 2202; x_wconf 89' lang='lat' dir='ltr'><strong>in</strong></span> <span class='ocrx_word' id='word_1_144' title='bbox 1113 2124 1225 2202; x_wconf 84' lang='lat' dir='ltr'><strong>Curia</strong></span> <span class='ocrx_word' id='word_1_145' title='bbox 1256 2124 1517 2207; x_wconf 85' lang='lat' dir='ltr'><strong>Constantienli</strong></span> <span class='ocrx_word' id='word_1_146' title='bbox 1550 2131 1698 2210; x_wconf 66' lang='lat' dir='ltr'><strong>erdord</strong></span> 
     </span>
     <span class='ocr_line' id='line_1_17' title="bbox 79 2237 1698 2360; baseline 0.002 -36"><span class='ocrx_word' id='word_1_147' title='bbox 79 2264 154 2324; x_wconf 76' lang='lat' dir='ltr'><strong>cunr</strong></span> <span class='ocrx_word' id='word_1_148' title='bbox 174 2256 214 2346; x_wconf 81' lang='lat' dir='ltr'><strong>g)</strong></span> <span class='ocrx_word' id='word_1_149' title='bbox 236 2246 402 2325; x_wconf 78' lang='lat' dir='ltr'><strong>Dicttricb</strong></span> <span class='ocrx_word' id='word_1_150' title='bbox 426 2246 511 2325; x_wconf 75' lang='lat' dir='ltr'><strong>diui</strong></span> <span class='ocrx_word' id='word_1_151' title='bbox 537 2237 696 2344; x_wconf 81' lang='lat' dir='ltr'><strong>Capituli</strong></span> <span class='ocrx_word' id='word_1_152' title='bbox 719 2246 944 2324; x_wconf 82' lang='lat' dir='ltr'><strong>Praesesium</strong></span> <span class='ocrx_word' id='word_1_153' title='bbox 970 2247 1008 2323; x_wconf 90' lang='lat' dir='ltr'><strong>in</strong></span> <span class='ocrx_word' id='word_1_154' title='bbox 1033 2247 1092 2342; x_wconf 74' lang='lat' dir='ltr'><strong>jus</strong></span> <span class='ocrx_word' id='word_1_155' title='bbox 1113 2245 1277 2332; x_wconf 79' lang='lat' dir='ltr'><strong>rocauit,</strong></span> <span class='ocrx_word' id='word_1_156' title='bbox 1311 2252 1420 2347; x_wconf 83' lang='lat' dir='ltr'><strong>quod</strong></span> <span class='ocrx_word' id='word_1_157' title='bbox 1445 2274 1467 2326; x_wconf 89' lang='lat' dir='ltr'><strong>a</strong></span> <span class='ocrx_word' id='word_1_158' title='bbox 1489 2249 1529 2329; x_wconf 90' lang='lat' dir='ltr'><strong>P.</strong></span> <span class='ocrx_word' id='word_1_159' title='bbox 1557 2251 1698 2360; x_wconf 44' lang='lat' dir='ltr'><strong>,Joaoae</strong></span> 
     </span>
     <span class='ocr_line' id='line_1_18' title="bbox 78 2361 1699 2470; baseline 0.001 -23"><span class='ocrx_word' id='word_1_160' title='bbox 78 2369 236 2469; x_wconf 79' lang='lat' dir='ltr'><strong>Gdttsing</strong></span> <span class='ocrx_word' id='word_1_161' title='bbox 258 2361 466 2445; x_wconf 85' lang='lat' dir='ltr'><strong>Monasterii</strong></span> <span class='ocrx_word' id='word_1_162' title='bbox 490 2366 539 2444; x_wconf 89' lang='lat' dir='ltr'><strong>sui</strong></span> <span class='ocrx_word' id='word_1_163' title='bbox 564 2364 786 2464; x_wconf 90' lang='lat' dir='ltr'><strong>Capitulari,</strong></span> <span class='ocrx_word' id='word_1_164' title='bbox 822 2367 860 2444; x_wconf 79' lang='lat' dir='ltr'><strong>dr</strong></span> <span class='ocrx_word' id='word_1_165' title='bbox 886 2388 950 2463; x_wconf 88' lang='lat' dir='ltr'><strong>pro</strong></span> <span class='ocrx_word' id='word_1_166' title='bbox 981 2378 1145 2463; x_wconf 88' lang='lat' dir='ltr'><strong>tempore</strong></span> <span class='ocrx_word' id='word_1_167' title='bbox 1171 2364 1370 2466; x_wconf 77' lang='lat' dir='ltr'><strong>Hogaoor&#39;ar</strong></span> <span class='ocrx_word' id='word_1_168' title='bbox 1401 2368 1571 2470; x_wconf 76' lang='lat' dir='ltr'><strong>Praefatio</strong></span> <span class='ocrx_word' id='word_1_169' title='bbox 1600 2372 1699 2448; x_wconf 82' lang='lat' dir='ltr'><strong>Ceu·¹</strong></span> 
     </span>
     <span class='ocr_line' id='line_1_19' title="bbox 65 2483 1697 2588; baseline 0.001 -22"><span class='ocrx_word' id='word_1_170' title='bbox 65 2490 130 2566; x_wconf 73' lang='lat' dir='ltr'><strong>ros</strong></span> <span class='ocrx_word' id='word_1_171' title='bbox 154 2496 281 2565; x_wconf 79' lang='lat' dir='ltr'><strong>contra</strong></span> <span class='ocrx_word' id='word_1_172' title='bbox 304 2483 362 2562; x_wconf 83' lang='lat' dir='ltr'><strong>saa</strong></span> <span class='ocrx_word' id='word_1_173' title='bbox 388 2486 547 2565; x_wconf 81' lang='lat' dir='ltr'><strong>&amp;nefas</strong></span> <span class='ocrx_word' id='word_1_174' title='bbox 571 2485 778 2573; x_wconf 88' lang='lat' dir='ltr'><strong>extorserit,</strong></span> <span class='ocrx_word' id='word_1_175' title='bbox 816 2508 969 2584; x_wconf 88' lang='lat' dir='ltr'><strong>eosque,</strong></span> <span class='ocrx_word' id='word_1_176' title='bbox 1009 2496 1136 2583; x_wconf 82' lang='lat' dir='ltr'><strong>vtpote</strong></span> <span class='ocrx_word' id='word_1_177' title='bbox 1160 2486 1298 2585; x_wconf 87' lang='lat' dir='ltr'><strong>absque</strong></span> <span class='ocrx_word' id='word_1_178' title='bbox 1322 2487 1445 2565; x_wconf 86' lang='lat' dir='ltr'><strong>debito</strong></span> <span class='ocrx_word' id='word_1_179' title='bbox 1470 2491 1610 2588; x_wconf 77' lang='lat' dir='ltr'><strong>&amp;iure</strong></span> <span class='ocrx_word' id='word_1_180' title='bbox 1635 2494 1697 2568; x_wconf 84' lang='lat' dir='ltr'><strong>ab·</strong></span> 
     </span>
     <span class='ocr_line' id='line_1_20' title="bbox 61 2604 1694 2713; baseline 0.002 -29"><span class='ocrx_word' id='word_1_181' title='bbox 61 2608 184 2697; x_wconf 82' lang='lat' dir='ltr'><strong>latos,</strong></span> <span class='ocrx_word' id='word_1_182' title='bbox 215 2606 351 2683; x_wconf 88' lang='lat' dir='ltr'><strong>restitui</strong></span> <span class='ocrx_word' id='word_1_183' title='bbox 377 2606 495 2705; x_wconf 70' lang='lat' dir='ltr'><strong>paritr</strong></span> <span class='ocrx_word' id='word_1_184' title='bbox 549 2608 646 2704; x_wconf 89' lang='lat' dir='ltr'><strong>quod</strong></span> <span class='ocrx_word' id='word_1_185' title='bbox 670 2604 710 2682; x_wconf 80' lang='lat' dir='ltr'><strong>dt</strong></span> <span class='ocrx_word' id='word_1_186' title='bbox 731 2605 896 2700; x_wconf 87' lang='lat' dir='ltr'><strong>judicum</strong></span> <span class='ocrx_word' id='word_1_187' title='bbox 928 2604 1104 2682; x_wconf 87' lang='lat' dir='ltr'><strong>sententia</strong></span> <span class='ocrx_word' id='word_1_188' title='bbox 1138 2606 1341 2704; x_wconf 89' lang='lat' dir='ltr'><strong>compulsus</strong></span> <span class='ocrx_word' id='word_1_189' title='bbox 1368 2608 1474 2698; x_wconf 85' lang='lat' dir='ltr'><strong>fecit,</strong></span> <span class='ocrx_word' id='word_1_190' title='bbox 1512 2613 1694 2713; x_wconf 79' lang='lat' dir='ltr'><strong>talesque,</strong></span> 
     </span>
     <span class='ocr_line' id='line_1_21' title="bbox 58 2723 1118 2827; baseline -0.003 -23"><span class='ocrx_word' id='word_1_191' title='bbox 58 2746 162 2825; x_wconf 79' lang='lat' dir='ltr'><strong>quos</strong></span> <span class='ocrx_word' id='word_1_192' title='bbox 187 2727 327 2827; x_wconf 82' lang='lat' dir='ltr'><strong>saepius</strong></span> <span class='ocrx_word' id='word_1_193' title='bbox 349 2725 526 2814; x_wconf 89' lang='lat' dir='ltr'><strong>tentauit,</strong></span> <span class='ocrx_word' id='word_1_194' title='bbox 562 2725 683 2801; x_wconf 89' lang='lat' dir='ltr'><strong>seuere</strong></span> <span class='ocrx_word' id='word_1_195' title='bbox 708 2723 909 2820; x_wconf 85' lang='lat' dir='ltr'><strong>Castigatua</strong></span> <span class='ocrx_word' id='word_1_196' title='bbox 932 2724 1118 2801; x_wconf 86' lang='lat' dir='ltr'><strong>dedidicit.</strong></span> 
     </span>
    </p>
   </div>
   <div class='ocr_carea' id='block_1_4' title="bbox 53 2914 1784 3378">
    <p class='ocr_par' dir='ltr' id='par_1_4' title="bbox 53 2914 1784 3378">
     <span class='ocr_line' id='line_1_22' title="bbox 164 2914 1692 3015; baseline 0.005 -21"><span class='ocrx_word' id='word_1_197' title='bbox 164 2918 264 2995; x_wconf 87' lang='lat' dir='ltr'><strong>Inter</strong></span> <span class='ocrx_word' id='word_1_198' title='bbox 286 2930 343 2995; x_wconf 91' lang='lat' dir='ltr'><strong>tot</strong></span> <span class='ocrx_word' id='word_1_199' title='bbox 367 2930 560 3015; x_wconf 83' lang='lat' dir='ltr'><strong>tantasque</strong></span> <span class='ocrx_word' id='word_1_200' title='bbox 581 2916 690 3014; x_wconf 84' lang='lat' dir='ltr'><strong>hujus</strong></span> <span class='ocrx_word' id='word_1_201' title='bbox 715 2914 821 2994; x_wconf 89' lang='lat' dir='ltr'><strong>seculi</strong></span> <span class='ocrx_word' id='word_1_202' title='bbox 846 2916 1073 3003; x_wconf 74' lang='lat' dir='ltr'><strong>calamitates</strong></span> <span class='ocrx_word' id='word_1_203' title='bbox 1095 2916 1281 2998; x_wconf 84' lang='lat' dir='ltr'><strong>Nuucium</strong></span> <span class='ocrx_word' id='word_1_204' title='bbox 1317 2943 1339 2996; x_wconf 91' lang='lat' dir='ltr'><strong>a</strong></span> <span class='ocrx_word' id='word_1_205' title='bbox 1367 2919 1521 2999; x_wconf 84' lang='lat' dir='ltr'><strong>Gabriele</strong></span> <span class='ocrx_word' id='word_1_206' title='bbox 1553 2923 1593 3000; x_wconf 85' lang='lat' dir='ltr'><strong>de</strong></span> <span class='ocrx_word' id='word_1_207' title='bbox 1622 2920 1692 3001; x_wconf 84' lang='lat' dir='ltr'><strong>Ta·</strong></span> 
     </span>
     <span class='ocr_line' id='line_1_23' title="bbox 54 3035 1784 3139; baseline 0.002 -23"><span class='ocrx_word' id='word_1_208' title='bbox 54 3042 124 3117; x_wconf 80' lang='lat' dir='ltr'><strong>aer&#39;r</strong></span> <span class='ocrx_word' id='word_1_209' title='bbox 151 3040 377 3118; x_wconf 76' lang='lat' dir='ltr'><strong>veredorum</strong></span> <span class='ocrx_word' id='word_1_210' title='bbox 402 3040 453 3139; x_wconf 91' lang='lat' dir='ltr'><strong>h)</strong></span> <span class='ocrx_word' id='word_1_211' title='bbox 490 3036 659 3132; x_wconf 84' lang='lat' dir='ltr'><strong>Magistro</strong></span> <span class='ocrx_word' id='word_1_212' title='bbox 695 3035 876 3137; x_wconf 82' lang='lat' dir='ltr'><strong>Oeniponto</strong></span> <span class='ocrx_word' id='word_1_213' title='bbox 907 3035 1076 3113; x_wconf 79' lang='lat' dir='ltr'><strong>habentia</strong></span> <span class='ocrx_word' id='word_1_214' title='bbox 1113 3037 1201 3113; x_wconf 86' lang='lat' dir='ltr'><strong>anni</strong></span> <span class='ocrx_word' id='word_1_215' title='bbox 1230 3038 1290 3113; x_wconf 91' lang='lat' dir='ltr'><strong>die</strong></span> <span class='ocrx_word' id='word_1_216' title='bbox 1322 3040 1501 3137; x_wconf 85' lang='lat' dir='ltr'><strong>trigesima</strong></span> <span class='ocrx_word' id='word_1_217' title='bbox 1530 3043 1692 3122; x_wconf 76' lang='lat' dir='ltr'><strong>ouobm</strong></span> <span class='ocrx_word' id='word_1_218' title='bbox 1782 3047 1784 3050; x_wconf 78' lang='grc'><strong>’</strong></span> 
     </span>
     <span class='ocr_line' id='line_1_24' title="bbox 55 3155 1691 3260; baseline 0.002 -24"><span class='ocrx_word' id='word_1_219' title='bbox 55 3161 112 3238; x_wconf 82' lang='lat' dir='ltr'><strong>ad</strong></span> <span class='ocrx_word' id='word_1_220' title='bbox 142 3157 328 3238; x_wconf 81' lang='lat' dir='ltr'><strong>Abbatem</strong></span> <span class='ocrx_word' id='word_1_221' title='bbox 354 3155 582 3257; x_wconf 89' lang='lat' dir='ltr'><strong>perscriptum</strong></span> <span class='ocrx_word' id='word_1_222' title='bbox 607 3155 699 3232; x_wconf 86' lang='lat' dir='ltr'><strong>mira</strong></span> <span class='ocrx_word' id='word_1_223' title='bbox 723 3155 885 3233; x_wconf 88' lang='lat' dir='ltr'><strong>omnium</strong></span> <span class='ocrx_word' id='word_1_224' title='bbox 913 3157 1035 3235; x_wconf 90' lang='lat' dir='ltr'><strong>vultus</strong></span> <span class='ocrx_word' id='word_1_225' title='bbox 1071 3155 1262 3255; x_wconf 88' lang='lat' dir='ltr'><strong>animosqu</strong></span> <span class='ocrx_word' id='word_1_226' title='bbox 1314 3160 1498 3259; x_wconf 90' lang='lat' dir='ltr'><strong>voluptate</strong></span> <span class='ocrx_word' id='word_1_227' title='bbox 1521 3161 1691 3260; x_wconf 78' lang='lat' dir='ltr'><strong>perfiadit.</strong></span> 
     </span>
     <span class='ocr_line' id='line_1_25' title="bbox 53 3182 1690 3378; baseline 0.003 -22"><span class='ocrx_word' id='word_1_228' title='bbox 53 3278 103 3356; x_wconf 83' lang='lat' dir='ltr'><strong>ln</strong></span> <span class='ocrx_word' id='word_1_229' title='bbox 133 3279 232 3355; x_wconf 90' lang='lat' dir='ltr'><strong>hanc</strong></span> <span class='ocrx_word' id='word_1_230' title='bbox 256 3275 416 3354; x_wconf 85' lang='lat' dir='ltr'><strong>maxime</strong></span> <span class='ocrx_word' id='word_1_231' title='bbox 441 3275 654 3358; x_wconf 82' lang='lat' dir='ltr'><strong>senteutiam</strong></span> <span class='ocrx_word' id='word_1_232' title='bbox 674 3291 843 3353; x_wconf 86' lang='lat' dir='ltr'><strong>exaratae</strong></span> <span class='ocrx_word' id='word_1_233' title='bbox 868 3271 1039 3352; x_wconf 87' lang='lat' dir='ltr'><strong>sonabant</strong></span> <span class='ocrx_word' id='word_1_234' title='bbox 1061 3274 1221 3351; x_wconf 87' lang='lat' dir='ltr'><strong>litterae:</strong></span> <span class='ocrx_word' id='word_1_235' title='bbox 1255 3182 1349 3354; x_wconf 51' lang='lat' dir='ltr'><strong>&lt;zos</strong></span> <span class='ocrx_word' id='word_1_236' title='bbox 1375 3305 1431 3378; x_wconf 82' lang='lat'><strong>24</strong></span> <span class='ocrx_word' id='word_1_237' title='bbox 1457 3280 1567 3376; x_wconf 84' lang='lat' dir='ltr'><strong>hujus</strong></span> <span class='ocrx_word' id='word_1_238' title='bbox 1584 3280 1690 3361; x_wconf 86' lang='lat' dir='ltr'><strong>Meu·</strong></span> 
     </span>
    </p>
   </div>
   <div class='ocr_carea' id='block_1_5' title="bbox 48 3384 1821 3505">
    <p class='ocr_par' dir='ltr' id='par_1_5' title="bbox 48 3384 1821 3505">
     <span class='ocr_line' id='line_1_26' title="bbox 48 3384 1821 3505; baseline 0.002 -30"><span class='ocrx_word' id='word_1_239' title='bbox 48 3400 108 3477; x_wconf 80' lang='lat' dir='ltr'><strong>sae</strong></span> <span class='ocrx_word' id='word_1_240' title='bbox 138 3384 305 3474; x_wconf 69' lang='lat' dir='ltr'><strong>Nuneio&#39;e</strong></span> <span class='ocrx_word' id='word_1_241' title='bbox 335 3396 482 3479; x_wconf 74' lang='lat' dir='ltr'><strong>lsrnetr&#39;a&#39;s</strong></span> <span class='ocrx_word' id='word_1_242' title='bbox 506 3395 750 3494; x_wconf 85' lang='lat' dir='ltr'><strong>Oeuipontum</strong></span> <span class='ocrx_word' id='word_1_243' title='bbox 784 3397 831 3471; x_wconf 89' lang='lat' dir='ltr'><strong>ad</strong></span> <span class='ocrx_word' id='word_1_244' title='bbox 856 3395 991 3472; x_wconf 85' lang='lat' dir='ltr'><strong>Aulam</strong></span> <span class='ocrx_word' id='word_1_245' title='bbox 1016 3392 1216 3473; x_wconf 89' lang='lat' dir='ltr'><strong>caesaream</strong></span> <span class='ocrx_word' id='word_1_246' title='bbox 1240 3394 1378 3475; x_wconf 86' lang='lat' dir='ltr'><strong>summa</strong></span> <span class='ocrx_word' id='word_1_247' title='bbox 1410 3399 1594 3478; x_wconf 88' lang='lat' dir='ltr'><strong>celeritate</strong></span> <span class='ocrx_word' id='word_1_248' title='bbox 1626 3401 1690 3478; x_wconf 89' lang='lat' dir='ltr'><strong>de·</strong></span> <span class='ocrx_word' id='word_1_249' title='bbox 1818 3500 1821 3505; x_wconf 22' lang='grc' dir='ltr'>Ι</span> 
     </span>
    </p>
   </div>
   <div class='ocr_carea' id='block_1_6' title="bbox 45 3514 1759 4212">
    <p class='ocr_par' dir='ltr' id='par_1_6' title="bbox 45 3514 1759 4099">
     <span class='ocr_line' id='line_1_27' title="bbox 48 3514 1690 3615; baseline 0.001 -21"><span class='ocrx_word' id='word_1_250' title='bbox 48 3517 163 3598; x_wconf 79' lang='lat' dir='ltr'><strong>latos</strong></span> <span class='ocrx_word' id='word_1_251' title='bbox 186 3514 354 3594; x_wconf 80' lang='lat' dir='ltr'><strong>edixisse:</strong></span> <span class='ocrx_word' id='word_1_252' title='bbox 392 3543 425 3615; x_wconf 77' lang='lat'><strong>7.</strong></span> <span class='ocrx_word' id='word_1_253' title='bbox 448 3515 615 3613; x_wconf 85' lang='lat' dir='ltr'><strong>ejusdem</strong></span> <span class='ocrx_word' id='word_1_254' title='bbox 642 3515 778 3593; x_wconf 79' lang='lat' dir='ltr'><strong>Mensis</strong></span> <span class='ocrx_word' id='word_1_255' title='bbox 805 3516 945 3603; x_wconf 85' lang='lat' dir='ltr'><strong>classem</strong></span> <span class='ocrx_word' id='word_1_256' title='bbox 968 3515 1144 3594; x_wconf 85' lang='lat' dir='ltr'><strong>turcicam</strong></span> <span class='ocrx_word' id='word_1_257' title='bbox 1170 3514 1288 3592; x_wconf 87' lang='lat' dir='ltr'><strong>nostra</strong></span> <span class='ocrx_word' id='word_1_258' title='bbox 1315 3517 1428 3598; x_wconf 83' lang='lat' dir='ltr'><strong>susam</strong></span> <span class='ocrx_word' id='word_1_259' title='bbox 1456 3518 1576 3609; x_wconf 88' lang='lat' dir='ltr'><strong>fuisse,</strong></span> <span class='ocrx_word' id='word_1_260' title='bbox 1613 3520 1690 3598; x_wconf 88' lang='lat' dir='ltr'><strong>Na·</strong></span> 
     </span>
     <span class='ocr_line' id='line_1_28' title="bbox 46 3634 1689 3744; baseline 0 -26"><span class='ocrx_word' id='word_1_261' title='bbox 46 3638 175 3718; x_wconf 77' lang='lat' dir='ltr'><strong>vibus</strong></span> <span class='ocrx_word' id='word_1_262' title='bbox 197 3635 364 3717; x_wconf 72' lang='lat' dir='ltr'><strong>attuariis</strong></span> <span class='ocrx_word' id='word_1_263' title='bbox 386 3643 465 3722; x_wconf 82' lang='lat'><strong>186.</strong></span> <span class='ocrx_word' id='word_1_264' title='bbox 493 3636 624 3732; x_wconf 86' lang='lat' dir='ltr'><strong>captia.</strong></span> <span class='ocrx_word' id='word_1_265' title='bbox 650 3637 888 3734; x_wconf 83' lang='lat' dir='ltr'><strong>quadraginta</strong></span> <span class='ocrx_word' id='word_1_266' title='bbox 908 3634 1111 3744; x_wconf 83' lang='lat' dir='ltr'><strong>submersis,</strong></span> <span class='ocrx_word' id='word_1_267' title='bbox 1142 3635 1370 3737; x_wconf 87' lang='lat' dir='ltr'><strong>totidemque</strong></span> <span class='ocrx_word' id='word_1_268' title='bbox 1390 3639 1429 3716; x_wconf 90' lang='lat' dir='ltr'><strong>iu</strong></span> <span class='ocrx_word' id='word_1_269' title='bbox 1455 3638 1580 3737; x_wconf 87' lang='lat' dir='ltr'><strong>sugam</strong></span> <span class='ocrx_word' id='word_1_270' title='bbox 1601 3654 1689 3718; x_wconf 87' lang='lat' dir='ltr'><strong>con·</strong></span> 
     </span>
     <span class='ocr_line' id='line_1_29' title="bbox 45 3746 1759 3856; baseline 0.001 -23"><span class='ocrx_word' id='word_1_271' title='bbox 45 3757 179 3853; x_wconf 73' lang='lat' dir='ltr'><strong>iestis.</strong></span> <span class='ocrx_word' id='word_1_272' title='bbox 227 3755 430 3856; x_wconf 84' lang='lat' dir='ltr'><strong>Quinquies</strong></span> <span class='ocrx_word' id='word_1_273' title='bbox 449 3755 549 3831; x_wconf 90' lang='lat' dir='ltr'><strong>mille</strong></span> <span class='ocrx_word' id='word_1_274' title='bbox 563 3755 727 3856; x_wconf 83' lang='lat' dir='ltr'><strong>captiuos</strong></span> <span class='ocrx_word' id='word_1_275' title='bbox 746 3754 921 3833; x_wconf 80' lang='lat' dir='ltr'><strong>Venetiae</strong></span> <span class='ocrx_word' id='word_1_276' title='bbox 945 3746 1089 3842; x_wconf 76' lang='lat' dir='ltr'><strong>dusios,</strong></span> <span class='ocrx_word' id='word_1_277' title='bbox 1122 3754 1349 3855; x_wconf 87' lang='lat' dir='ltr'><strong>totidemque</strong></span> <span class='ocrx_word' id='word_1_278' title='bbox 1374 3760 1413 3835; x_wconf 91' lang='lat' dir='ltr'><strong>in</strong></span> <span class='ocrx_word' id='word_1_279' title='bbox 1432 3759 1586 3839; x_wconf 85' lang='lat' dir='ltr'><strong>nauibus</strong></span> <span class='ocrx_word' id='word_1_280' title='bbox 1611 3772 1689 3839; x_wconf 82' lang='lat' dir='ltr'><strong>tru-</strong></span> <span class='ocrx_word' id='word_1_281' title='bbox 1755 3764 1759 3771; x_wconf 88' lang='lat'>&#39;</span> 
     </span>
     <span class='ocr_line' id='line_1_30' title="bbox 46 3874 1687 3976; baseline 0.004 -24"><span class='ocrx_word' id='word_1_282' title='bbox 46 3881 209 3957; x_wconf 79' lang='lat' dir='ltr'><strong>cidatoa</strong></span> <span class='ocrx_word' id='word_1_283' title='bbox 238 3876 356 3962; x_wconf 81' lang='lat' dir='ltr'><strong>luisse,</strong></span> <span class='ocrx_word' id='word_1_284' title='bbox 406 3876 568 3971; x_wconf 85' lang='lat' dir='ltr'><strong>exceptis</strong></span> <span class='ocrx_word' id='word_1_285' title='bbox 605 3900 707 3970; x_wconf 85' lang='lat'><strong>¹300·</strong></span> <span class='ocrx_word' id='word_1_286' title='bbox 738 3874 970 3966; x_wconf 83' lang='lat' dir='ltr'><strong>Christianis,</strong></span> <span class='ocrx_word' id='word_1_287' title='bbox 1022 3877 1118 3952; x_wconf 86' lang='lat' dir='ltr'><strong>inter</strong></span> <span class='ocrx_word' id='word_1_288' title='bbox 1140 3886 1261 3951; x_wconf 92' lang='lat' dir='ltr'><strong>turcas</strong></span> <span class='ocrx_word' id='word_1_289' title='bbox 1293 3877 1557 3976; x_wconf 87' lang='lat' dir='ltr'><strong>mancipiorum</strong></span> <span class='ocrx_word' id='word_1_290' title='bbox 1584 3903 1687 3958; x_wconf 81' lang='lat' dir='ltr'><strong>more</strong></span> 
     </span>
     <span class='ocr_line' id='line_1_31' title="bbox 46 3983 1713 4099; baseline 0.003 -26"><span class='ocrx_word' id='word_1_291' title='bbox 46 3995 207 4097; x_wconf 79' lang='lat' dir='ltr'><strong>ligatis,</strong></span> <span class='ocrx_word' id='word_1_292' title='bbox 237 3995 302 4099; x_wconf 89' lang='lat' dir='ltr'><strong>qui</strong></span> <span class='ocrx_word' id='word_1_293' title='bbox 330 3984 451 4073; x_wconf 85' lang='lat' dir='ltr'><strong>sedulo</strong></span> <span class='ocrx_word' id='word_1_294' title='bbox 480 3992 628 4081; x_wconf 90' lang='lat' dir='ltr'><strong>seruati,</strong></span> <span class='ocrx_word' id='word_1_295' title='bbox 667 3994 776 4095; x_wconf 86' lang='lat' dir='ltr'><strong>atque</strong></span> <span class='ocrx_word' id='word_1_296' title='bbox 804 3994 964 4073; x_wconf 88' lang='lat' dir='ltr'><strong>libertati</strong></span> <span class='ocrx_word' id='word_1_297' title='bbox 992 3992 1126 4075; x_wconf 88' lang='lat' dir='ltr'><strong>redditi</strong></span> <span class='ocrx_word' id='word_1_298' title='bbox 1154 3990 1308 4072; x_wconf 66' lang='lat' dir='ltr'><strong>sabbat.</strong></span> <span class='ocrx_word' id='word_1_299' title='bbox 1374 3996 1549 4087; x_wconf 86' lang='lat' dir='ltr'><strong>Vnicum,</strong></span> <span class='ocrx_word' id='word_1_300' title='bbox 1585 3999 1686 4096; x_wconf 87' lang='lat' dir='ltr'><strong>quod</strong></span> <span class='ocrx_word' id='word_1_301' title='bbox 1710 3983 1713 3988; x_wconf 55' lang='grc'><strong>’</strong></span> 
     </span>
    </p>

    <p class='ocr_par' dir='ltr' id='par_1_7' title="bbox 869 4116 1685 4212">
     <span class='ocr_line' id='line_1_32' title="bbox 869 4116 1685 4212; baseline 0.001 -16"><span class='ocrx_word' id='word_1_302' title='bbox 869 4116 907 4196; x_wconf 89' lang='lat' dir='ltr'>N</span> <span class='ocrx_word' id='word_1_303' title='bbox 914 4141 939 4195; x_wconf 91' lang='lat' dir='ltr'><strong>u</strong></span> <span class='ocrx_word' id='word_1_304' title='bbox 964 4139 1001 4212; x_wconf 78' lang='grc'><strong>3.</strong></span> <span class='ocrx_word' id='word_1_305' title='bbox 1557 4128 1685 4197; x_wconf 83' lang='lat' dir='ltr'><strong>tantae</strong></span> 
     </span>
    </p>
   </div>
   <div class='ocr_carea' id='block_1_7' title="bbox 105 4269 1400 4369">
    <p class='ocr_par' dir='ltr' id='par_1_8' title="bbox 105 4269 1400 4369">
     <span class='ocr_line' id='line_1_33' title="bbox 105 4269 1400 4369; baseline -0.002 -16"><span class='ocrx_word' id='word_1_306' title='bbox 105 4286 143 4369; x_wconf 86' lang='lat' dir='ltr'><strong>d)</strong></span> <span class='ocrx_word' id='word_1_307' title='bbox 169 4284 250 4355; x_wconf 81' lang='lat' dir='ltr'><strong>Tora.</strong></span> <span class='ocrx_word' id='word_1_308' title='bbox 271 4299 325 4368; x_wconf 81' lang='lat'><strong>27.</strong></span> <span class='ocrx_word' id='word_1_309' title='bbox 338 4279 394 4368; x_wconf 83' lang='lat' dir='ltr'><strong>fos.</strong></span> <span class='ocrx_word' id='word_1_310' title='bbox 413 4269 505 4368; x_wconf 58' lang='lat'><strong>234⁶</strong></span> <span class='ocrx_word' id='word_1_311' title='bbox 597 4279 633 4366; x_wconf 88' lang='lat' dir='ltr'><strong>e)</strong></span> <span class='ocrx_word' id='word_1_312' title='bbox 654 4278 731 4350; x_wconf 67' lang='lat' dir='ltr'><strong>ltu.</strong></span> <span class='ocrx_word' id='word_1_313' title='bbox 744 4277 804 4366; x_wconf 84' lang='lat' dir='ltr'><strong>sos.</strong></span> <span class='ocrx_word' id='word_1_314' title='bbox 820 4282 894 4368; x_wconf 81' lang='lat'><strong>236.</strong></span> <span class='ocrx_word' id='word_1_315' title='bbox 1020 4283 1058 4366; x_wconf 89' lang='lat' dir='ltr'><strong>s)</strong></span> <span class='ocrx_word' id='word_1_316' title='bbox 1080 4279 1161 4349; x_wconf 74' lang='lat' dir='ltr'><strong>Tora.</strong></span> <span class='ocrx_word' id='word_1_317' title='bbox 1180 4295 1233 4364; x_wconf 82' lang='lat'><strong>27·</strong></span> <span class='ocrx_word' id='word_1_318' title='bbox 1247 4274 1305 4363; x_wconf 82' lang='lat' dir='ltr'><strong>sos.</strong></span> <span class='ocrx_word' id='word_1_319' title='bbox 1326 4290 1400 4364; x_wconf 77' lang='lat'><strong>248.</strong></span> 
     </span>
    </p>
   </div>
   <div class='ocr_carea' id='block_1_8' title="bbox 103 4434 1682 4643">
    <p class='ocr_par' dir='ltr' id='par_1_9' title="bbox 103 4434 1682 4643">
     <span class='ocr_line' id='line_1_34' title="bbox 103 4434 1682 4536; baseline -0.003 -14"><span class='ocrx_word' id='word_1_320' title='bbox 103 4451 138 4534; x_wconf 77' lang='lat'><strong>’)</strong></span> <span class='ocrx_word' id='word_1_321' title='bbox 154 4434 312 4522; x_wconf 82' lang='lat' dir='ltr'><strong>Versehen</strong></span> <span class='ocrx_word' id='word_1_322' title='bbox 335 4472 419 4519; x_wconf 84' lang='lat' dir='ltr'><strong>vnoa</strong></span> <span class='ocrx_word' id='word_1_323' title='bbox 446 4451 509 4536; x_wconf 83' lang='lat' dir='ltr'><strong>bey</strong></span> <span class='ocrx_word' id='word_1_324' title='bbox 534 4449 624 4517; x_wconf 86' lang='lat' dir='ltr'><strong>Eucb</strong></span> <span class='ocrx_word' id='word_1_325' title='bbox 645 4450 799 4516; x_wconf 79' lang='lat' dir='ltr'><strong>durchaur</strong></span> <span class='ocrx_word' id='word_1_326' title='bbox 827 4451 957 4519; x_wconf 79' lang='lat' dir='ltr'><strong>kbaines</strong></span> <span class='ocrx_word' id='word_1_327' title='bbox 986 4448 1175 4532; x_wconf 80' lang='lat' dir='ltr'><strong>Absehlaga,</strong></span> <span class='ocrx_word' id='word_1_328' title='bbox 1211 4449 1299 4516; x_wconf 75' lang='lat' dir='ltr'><strong>rond</strong></span> <span class='ocrx_word' id='word_1_329' title='bbox 1326 4468 1431 4536; x_wconf 73' lang='lat' dir='ltr'><strong>gegeu</strong></span> <span class='ocrx_word' id='word_1_330' title='bbox 1460 4448 1527 4522; x_wconf 75' lang='lat' dir='ltr'><strong>stne</strong></span> <span class='ocrx_word' id='word_1_331' title='bbox 1555 4448 1682 4526; x_wconf 76' lang='lat' dir='ltr'><strong>Wolsea</strong></span> 
     </span>
     <span class='ocr_line' id='line_1_35' title="bbox 146 4555 1196 4643; baseline 0.005 -21"><span class='ocrx_word' id='word_1_332' title='bbox 146 4562 268 4643; x_wconf 76' lang='lat' dir='ltr'><strong>aiuiger</strong></span> <span class='ocrx_word' id='word_1_333' title='bbox 285 4561 428 4626; x_wconf 81' lang='lat' dir='ltr'><strong>Auarede</strong></span> <span class='ocrx_word' id='word_1_334' title='bbox 449 4569 510 4626; x_wconf 85' lang='lat' dir='ltr'><strong>etc.</strong></span> <span class='ocrx_word' id='word_1_335' title='bbox 553 4555 702 4620; x_wconf 76' lang='lat' dir='ltr'><strong>slsismbra</strong></span> <span class='ocrx_word' id='word_1_336' title='bbox 723 4559 783 4622; x_wconf 89' lang='lat' dir='ltr'><strong>den</strong></span> <span class='ocrx_word' id='word_1_337' title='bbox 809 4576 861 4641; x_wconf 86' lang='lat'><strong>14.</strong></span> <span class='ocrx_word' id='word_1_338' title='bbox 882 4559 963 4634; x_wconf 86' lang='lat' dir='ltr'><strong>Junii</strong></span> <span class='ocrx_word' id='word_1_339' title='bbox 982 4559 1045 4625; x_wconf 82' lang='lat' dir='ltr'><strong>Ao.</strong></span> <span class='ocrx_word' id='word_1_340' title='bbox 1064 4565 1125 4625; x_wconf 85' lang='lat' dir='ltr'><strong>etc.</strong></span> <span class='ocrx_word' id='word_1_341' title='bbox 1142 4569 1196 4638; x_wconf 76' lang='lat'><strong>71·</strong></span> 
     </span>
    </p>
   </div>
   <div class='ocr_carea' id='block_1_9' title="bbox 101 4719 931 4817">
    <p class='ocr_par' dir='ltr' id='par_1_10' title="bbox 101 4719 931 4817">
     <span class='ocr_line' id='line_1_36' title="bbox 101 4719 931 4817; baseline -0.012 0"><span class='ocrx_word' id='word_1_342' title='bbox 101 4722 495 4817; x_wconf 48' lang='lat' dir='ltr'><strong>mmmmm</strong></span> <span class='ocrx_word' id='word_1_343' title='bbox 624 4719 931 4816; x_wconf 54' lang='lat' dir='ltr'><strong>»Mdm</strong></span> 
     </span>
    </p>
   </div>
   <div class='ocr_carea' id='block_1_10' title="bbox 0 0 1872 5160">
    <p class='ocr_par' dir='ltr' id='par_1_11' title="bbox 0 0 1872 5160">
     <span class='ocr_line' id='line_1_37' title="bbox 0 0 1872 5160; baseline 0 10"><span class='ocrx_word' id='word_1_344' title='bbox 0 0 1872 5160; x_wconf 95' lang='lat' dir='ltr'><strong> </strong></span> 
     </span>
    </p>
   </div>
  </div>
 </body>
</html>
