3736 5160
175 210 221 263 20
803 191 1223 286 'emt

177 365 288 444 sinuo
310 365 516 445 Monasterii
537 367 587 445 sui
608 367 810 447 Millenarlo
837 384 939 469 1778.
969 371 1117 448 breuem
1143 370 1338 447 Historiam
1360 369 1600 449 Fundationis
1624 371 1661 450 dr
1684 394 1809 449 rerum

2 466 4 473 ’
49 566 64 599 χ
179 487 239 562 sub
258 488 461 566 Abbatibus
481 491 659 585 gouamm
685 489 810 566 seriem
836 491 969 589 publici
999 492 1097 590 Juris
1120 491 1272 578 fecerat,
1295 512 1374 588 pag.
1394 507 1451 586 58.
1475 504 1616 578 narrat:
1646 493 1708 587 sub
1732 492 1810 567 Ge·

179 628 295 702 ruugo
316 610 461 690 Abbate
490 609 663 685 fabricam
684 608 1177 686 MonasteriiSchaffhusraui
1199 609 1299 685 suiise
1316 610 1531 694 absolutam,
1557 623 1665 706 atque
1685 633 1719 702 3.
1742 611 1807 685 die

180 724 401 813 Nouembris
424 730 616 825 a'siururlda
626 729 799 827 Episcopo
815 726 1063 804 constantiensr
1088 728 1264 822 tempium
1284 728 1383 803 fuisse
1399 728 1607 805 Honoribus
1623 731 1661 804 S.
1682 729 1810 807 Salva·

180 844 272 918 toris
292 855 400 944 atque
417 848 583 924 omnium
607 847 801 925 sautiorum
818 848 952 927 solenni
972 848 1044 923 ritu
1065 847 1293 931 dedicatum,
1324 847 1421 922 inter
1439 848 1600 925 Abbates
1617 847 1704 923 sesto
1721 848 1809 924 ritui

97 1048 103 1059 .
181 960 388 1039 adusteotes
404 967 582 1042 recensuit
594 989 738 1065 quoque
753 967 938 1042 Heinricum
954 969 1106 1041 Absarru
1128 968 1392 1061 Weirportensrm.
1418 966 1621 1044 Haerebam
1639 967 1809 1063 primurn,

181 1091 261 1159 tum
285 1085 324 1162 dt
353 1086 400 1160 de
418 1085 507 1162 Fide
534 1086 726 1184 Scriptoris
747 1086 898 1161 dubium
927 1085 1106 1161 habebam
1130 1083 1314 1170 animum,
1347 1109 1433 1163 nam
1460 1087 1592 1181 &ego
1622 1087 1810 1185 quondam

179 1219 264 1277 cum
295 1203 622 1300 Wciogartenfibus
646 1206 774 1304 Jouem
801 1204 959 1301 lapidem
987 1205 1171 1300 jurassem,
1199 1206 1421 1300 Berrogerom,
1462 1207 1500 1283 dr
1524 1230 1596 1280 oon
1624 1207 1810 1280 sseinrr'rum

180 1314 338 1417 primurn
359 1322 459 1399 fuisse
483 1323 580 1411 loco,
607 1347 679 1421 quo
701 1346 799 1397 nunc
826 1322 1065 1410 consistimus,
1090 1323 1285 1401 Abbatem.
1334 1326 1430 1421 Ergo
1456 1329 1560 1401 ausus
1583 1310 1658 1402 luur
1681 1347 1810 1420 rogare

181 1437 328 1526 Virum,
370 1455 411 1519 vt
433 1442 548 1518 alierti
578 1442 630 1519 sui
662 1439 851 1519 indubiam
875 1441 966 1518 mihi
992 1443 1160 1518 redderet
1182 1444 1385 1546 rationem,
1423 1469 1497 1521 uon
1524 1445 1643 1520 deluit
1666 1443 1808 1529 officio,

179 1554 304 1655 itaque
330 1559 505 1638 Chartam
532 1560 695 1637 haustam
717 1585 767 1635 ex
790 1563 949 1659 quodam
971 1559 1153 1636 Chronico
1175 1563 1254 1638 MS.
1279 1562 1547 1639 Sciralsbusano
1566 1586 1644 1662 pag.
1668 1561 1730 1659 spir
1746 1586 1807 1658 45.

181 1675 229 1752 ad
243 1699 305 1754 me
316 1678 512 1778 perscripsit
524 1679 561 1755 in
581 1679 677 1755 banc
696 1681 935 1757 seutentiam:
962 1680 1137 1770 „Notitia
1149 1680 1401 1758 Dedicatiouis
1417 1681 1622 1758 Monasterii
1640 1681 1810 1758 omnium

183 1797 427 1886 „Santiomm
454 1797 693 1886 Sebaffbusri,
728 1822 777 1874 ex
807 1798 972 1876 Arcbiuo
1001 1802 1169 1897 ejusdem
1199 1800 1405 1877 Monastorii
1437 1803 1483 1877 ad
1512 1801 1663 1878 Annum
1703 1813 1807 1898 1064.

182 1915 334 2006 „Tertio
353 1920 478 1996 Nonas
503 1916 721 1998 Nouembris
739 1918 998 1998 Monasterium
1020 1942 1158 1996 nouum
1181 1919 1363 1997 Scalbusri
1391 1920 1428 1994 in
1451 1919 1589 1996 honore
1622 1922 1660 1997 S.
1679 1923 1807 1996 Saloa-

20 2088 25 2095 -
181 2036 303 2121 „toris
336 2038 374 2117 ὁ(
404 2039 569 2117 omnium
595 2038 794 2116 sentiarum
828 2039 1013 2116 dedicauit
1044 2038 1250 2116 Rumoldus
1280 2040 1475 2141 Episcopus
1505 2039 1807 2128 Conslantiensrs,

183 2156 431 2253 „presentibus
459 2158 659 2237 Abbatibus
680 2156 893 2234 Hermanno
920 2156 1148 2245 Eiusrdlensr,
1181 2158 1587 2247 ImmoneFabariensr,
1625 2182 1807 2236 ucrunrco

21 2280 26 2285 ’
180 2298 518 2364 „ws1ucaa·rsusr,
556 2273 721 2351 Aruoido
762 2276 1042 2358 Petershusano‚
1098 2278 1268 2370 Geruogo
1312 2269 1570 2370 Rena'ugienii,
1611 2280 1650 2352 dr
1677 2281 1807 2349 Wero·

182 2394 300 2483 „hero
330 2391 604 2480 Suburano„
662 2390 811 2478 Nescio,
851 2415 898 2466 an
932 2392 1132 2487 quidquam
1153 2390 1265 2484 posset
1296 2391 1370 2466 dici
1394 2393 1433 2465 io
1461 2414 1540 2495 rem
1579 2412 1699 2465 meam
1726 2410 1806 2480 gra·

181 2512 281 2598 vius,
324 2527 433 2608 atque
455 2513 503 2588 ad
531 2510 826 2595 conuincendum
853 2510 966 2591 etiam
996 2505 1280 2608 obstinatissimas
1312 2518 1458 2589 mentes
1489 2507 1620 2588 adferri
1644 2506 1807 2585 luculen-

180 2631 257 2713 tius
285 2630 541 2712 testimonium.

264 2898 312 2974 -4
336 2873 512 2953 Attamen
537 2874 666 2953 durum
690 2875 869 2975 aliquibus
893 2871 1075 2953 videbitur
1095 2872 1265 2949 recedere
1296 2873 1340 2950 ab
1366 2871 1546 2970 Opinione
1572 2879 1629 2945 tot
1658 2869 1808 2945 seculo·

179 3016 261 3072 rum
285 2999 405 3083 cursu,
438 2994 478 3072 δι
507 2997 654 3072 Parrum
682 2993 878 3072 traditione
902 2992 1074 3081 stabilita,
1105 2992 1312 3087 praesertim
1334 2994 1433 3090 quod
1459 2991 1520 3065 illa
1546 2988 1685 3086 insuper
1711 2988 1808 3063 nita·

179 3124 239 3190 tur
262 3113 351 3191 Fide
377 3113 544 3206 Catalogi
575 3126 661 3190 ante
683 3116 871 3192 sexcentos
891 3135 1000 3208 prope
1023 3122 1138 3187 annos
1166 3111 1363 3208 coosoipti.
1423 3109 1567 3185 Deinde
1589 3110 1636 3184 ad
1659 3106 1809 3185 Caicem

55 3226 65 3235 ’
180 3232 373 3325 cujusdam
406 3232 487 3307 iibri
507 3231 788 3331 Euangeliorum
823 3230 955 3306 secolo
981 3230 1041 3306 XI.
1071 3229 1199 3321 nitidis
1228 3231 1493 3308 charasteribus
1517 3229 1655 3303 exarati
1676 3231 1811 3303 notitia

11 3388 19 3397 ·
180 3352 306 3427 adsuta
341 3350 410 3437 est,
446 3374 493 3425 ex
521 3374 593 3448 qua
625 3351 785 3430 clarescit
816 3367 876 3426 rrer
899 3349 961 3427 srbi
986 3349 1149 3425 Abbates
1169 3349 1207 3423 in
1231 3350 1346 3444 Atruf
1365 3346 1567 3431 succeffisse,
1582 3339 1683 3422 lance
1698 3371 1809 3443 quam

177 3470 253 3547 huc
276 3469 315 3547 in
343 3470 509 3546 Montem
531 3470 827 3554 concionentur,
860 3482 970 3566 atque
988 3468 1058 3543 hoc
1079 3467 1205 3565 scripto
1228 3468 1387 3571 cobiberi
1415 3466 1447 3540 se
1467 3466 1583 3566 pasius
1613 3466 1664 3544 est
1687 3468 1809 3542 Reve-

178 3576 405 3667 rendisiimus
425 3587 621 3682 Georgius,
647 3612 720 3684 quo
743 3587 866 3663 minus
888 3586 1101 3662 Heinricuru
1124 3585 1160 3661 in
1182 3588 1310 3663 Monte
1339 3609 1482 3684 quoque
1504 3585 1663 3682 primum
1684 3586 1808 3664 Abba-

179 3721 256 3787 tem
278 3708 377 3782 luisse
402 3708 591 3793 statueret,
613 3705 795 3804 postquam
818 3731 865 3782 ex
879 3703 1012 3782 tabuiis
1030 3704 1471 3791 Altomouaiieriensrbus,
1497 3728 1587 3802 quas
1611 3703 1686 3801 lpse
1704 3728 1810 3801 prae·

179 3828 259 3904 sens
285 3850 406 3903 coram
429 3826 570 3911 viderat
591 3824 678 3900 esset
697 3826 900 3912 connisus,
926 3824 1199 3899 translationem
1223 3824 1380 3920 primum
1397 3849 1493 3900 anno
1516 3848 1618 3922 1047.
1640 3850 1687 3901 ex
1702 3827 1809 3902 Aito-

179 3947 340 4025 munster
359 3947 431 4027 buc
446 3946 484 4021 in
508 3944 637 4020 Altors
651 3944 719 4018 esse
733 3943 886 4033 latiam,
916 3945 1007 4017 haec
1028 3940 1186 4038 subjicit:
1215 3942 1410 4027 „Occurrit
1429 3968 1533 4042 porro
1548 3971 1595 4019 ex
1612 3945 1807 4039 praemissis

178 4067 425 4155 „dissrcultas,
455 4064 630 4143 nimirum
665 4088 712 4139 ex
730 4063 1001 4149 Monumentis,
1037 4084 1132 4160 quae
1155 4062 1255 4157 supra
1285 4064 1332 4138 de
1356 4064 1573 4140 Monasterio
1600 4065 1638 4140 S.
1660 4063 1808 4141 Alconis

179 4186 317 4276 „allata
333 4186 432 4272 sunt,
456 4196 579 4261 narrat
602 4183 700 4259 enim
718 4182 779 4256 ilie
802 4181 983 4281 scriptor,
1009 4179 1090 4278 qui,
1113 4191 1153 4257 vt
1174 4191 1322 4277 apparet
1346 4187 1443 4257 rodem
1462 4188 1671 4258 rrburlou’our'r
1695 4199 1808 4281 tropo-

178 4331 240 4394 „re
263 4314 365 4390 uixit,
395 4304 610 4382 Heinricum
638 4301 807 4379 ultimum
832 4300 870 4376 in
891 4300 930 4379 S
960 4299 1109 4375 Altonis
1134 4299 1353 4377 Mooasterio
1377 4301 1562 4378 Abbatem
1592 4301 1713 4377 adbuc
1734 4308 1809 4380 olibi

177 4400 379 4520 „sagacitei
401 4422 573 4522 praeesse,
606 4421 645 4499 ἃ
667 4424 739 4497 Vita
756 4420 906 4518 prorsam
929 4424 1034 4515 putri.
1091 4418 1186 4497 item
1208 4420 1473 4498 Irmentrudern
1490 4419 1682 4497 Gueisoois
1708 4425 1810 4500 on-

179 4599 201 4634 „
213 4567 292 4625 reru
312 4557 457 4624 mortuo
478 4542 629 4629 marito,
654 4543 692 4622 dr
708 4538 863 4620 monuo
887 4537 1023 4638 pariter
1044 4536 1146 4617 Filiis
1170 4537 1290 4618 adbuc
1305 4539 1465 4622 viduam
1484 4538 1715 4640 inpraesenti
1730 4544 1807 4618 vita

242 4686 250 4703 ·
929 4692 934 4701 ·
1638 4711 1662 4747 „
1674 4661 1806 4738 conili-
