3736 5160
126 216 199 294 4⁵2
296 208 300 215 ’
726 195 1145 292 ememor

225 393 280 450 no
308 369 445 470 Aprilis
469 371 519 449 ob
554 371 752 450 imminens
783 371 1002 467 periculum.
1045 373 1144 472 quod
1168 397 1191 450 a
1215 372 1347 455 suecis
1380 374 1488 456 nobis
1520 324 1720 467 instubst.in

133 491 310 570 Veldlircl
342 492 489 590 profesti
521 496 602 569 lunt
633 489 813 568 sexdecim
844 491 971 570 Patres
999 492 1038 570 δι
1072 492 1216 571 Fratres
1246 492 1372 583 nostri,
1405 495 1468 594 qui
1497 496 1560 574 dle
1591 498 1722 598 sequenti

126 610 213 689 salui
251 635 380 689 omnes
405 614 444 690 liu
468 611 669 689 incolumes
697 634 743 686 eo
768 622 1020 711 peruenerunt

222 827 507 906 Praeterundum
541 825 707 905 hicnon
739 828 790 906 est
827 825 1014 925 ungulatis
1040 770 1234 906 'amicitiae
1268 827 1570 931 Benediliinique
1607 830 1725 930 spiritus

2 962 10 969 ‘
127 950 165 1029 us
189 947 376 1026 charitatis
401 946 596 1036 indicium,
619 949 717 1046 quod
742 945 909 1047 inprimis
933 946 1239 1037 Reuerendillimo
1269 947 1430 1027 Domino
1454 948 1589 1029 Abbati
1619 953 1724 1037 nolito,

125 1080 206 1144 tum
231 1070 398 1146 omnibus
423 1064 588 1141 Patribus
611 1068 739 1144 nostris
763 1066 930 1144 exulibus
959 1066 1162 1143 exhibitum
1188 1066 1259 1143 fuit
1278 1090 1301 1142 a
1318 1069 1624 1148 Reuereudilfimo
1645 1070 1726 1148 &ll

123 1185 322 1264 lustrillimo
347 1186 509 1281 Principe
533 1209 577 1261 ac
600 1187 758 1265 Domino
783 1186 921 1263 Placido
946 1182 1090 1262 Abbate
1116 1182 1323 1289 Einfidlenst.
1389 1188 1424 1267 Is
1449 1213 1534 1268 curn
1557 1190 1728 1266 intellexil·

124 1305 176 1383 let
201 1306 358 1383 Sueuiae
382 1303 532 1381 nostrae.
552 1303 731 1392 miserias,
764 1304 902 1402 scriptis
928 1303 1080 1402 propriis
1109 1305 1163 1409 ad¹
1185 1304 1532 1387 Reuerendlllimum
1565 1309 1729 1386 Abbuteu

125 1425 282 1515 uollrum
309 1422 558 1501 lrumauiffime
587 1423 737 1512 litteris,
770 1448 855 1500 eum
887 1445 930 1499 ac
962 1446 1092 1499 onmes
1117 1423 1244 1500 Patres
1270 1425 1396 1503 exules
1420 1425 1458 1503 lo
1484 1427 1586 1507 suurn
1610 1425 1729 1503 Einll·

90 1542 219 1621 'leuse
242 1542 499 1621 Monsllerium
527 1542 662 1619 suncero
694 1543 819 1621 animo
849 1542 1039 1646 inuitauit,
1075 1540 1250 1640 suumque
1274 1544 1533 1651 Mousllerium
1564 1546 1604 1625 lie
1625 1546 1732 1624 omnis

123 1663 369 1741 sustentationi
397 1661 536 1740 nostrae
566 1661 756 1739 netelluria
786 1660 1023 1741 liberaliffime
1053 1660 1196 1739 obtulit.
1252 1663 1361 1749 Quod
1394 1689 1440 1743 eo
1473 1664 1594 1763 magis
1617 1666 1731 1744 missu·

122 1786 232 1872 dum,
253 1782 340 1882 quia
361 1784 433 1859 hoc
456 1781 530 1880 ipso
554 1794 718 1878 tempore
742 1781 788 1858 ob
813 1780 1001 1859 Ditionem
1026 1779 1310 1882 Blumenrgensem
1338 1782 1732 1885 &praeposterans

127 1901 266 1981 Geroldl
288 1917 433 2003 propter
456 1904 643 2001 quaedum·
659 1902 764 2000 Jurs,
789 1925 883 2001 quae
904 1913 1055 1999 utraque
1079 1925 1162 1998 pars
1185 1900 1249 1978 fibi
1273 1904 1396 1983 deberi
1419 1907 1631 1995 aniliumet,
1659 1904 1733 1984 utri·

121 2021 368 2127 quellomiui
391 2020 556 2101 Abbates
580 2046 654 2099 non
681 2022 773 2099 bene
797 2019 992 2097 conuenire
1017 2018 1232 2109 uidebantur
1254 2032 1324 2099 etc.
1499 1996 1506 2023 ¹
1615 2010 1623 2027 ⁵

218 2239 303 2349 Non
330 2237 453 2316 minus
485 2238 688 2316 humanum
716 2237 754 2314 in
789 2236 919 2314 eodem
954 2250 1087 2333 genere
1118 2235 1346 2318 inuitationis
1376 2239 1411 2318 le
1439 2238 1610 2319 exhibuit
1631 2240 1733 2319 Reue-

120 2359 347 2437 rendill'rmns
373 2362 412 2438 liu
437 2357 683 2437 lllullriffirnus
708 2355 881 2455 Princeps
905 2350 948 2433 uc
977 2354 1158 2434 Dominus
1181 2357 1336 2465 Jotlocus
1360 2358 1731 2445 reinsumimus,

118 2479 185 2580 qui
218 2501 331 2556 manu
364 2479 506 2576 propria
536 2477 695 2581 exaratis
726 2476 858 2553 litteris
891 2478 929 2557 ά
957 2478 1305 2556 Reuerendiffimum
1337 2478 1444 2558 Dum
1474 2478 1659 2561 Abbatern
1679 2504 1733 2556 no·

119 2598 250 2686 lirum,
276 2599 314 2678 ά
340 2596 478 2697 aliquot
501 2598 628 2674 Patres
647 2592 898 2675 humunillime
921 2618 995 2670 non
1019 2594 1191 2671 inuitauit
1222 2609 1396 2693 tantum,¹
1421 2596 1481 2675 sed
1512 2602 1561 2677 sd
1596 2598 1632 2675 le
1653 2599 1732 2676 lnul·

121 2696 272 2775 sendum
296 2717 407 2795 prope
432 2693 691 2791 adjurauit.⁰)
754 2694 817 2803 It'u¹
839 2692 961 2769 elium·
984 2692 1207 2791 {emporibus
1232 2716 1309 2771 nnn
1343 2690 1455 2773 solum
1479 2688 1664 2783 felicibus,
1684 2698 1733 2773 iel

18 2916 28 2929 .
121 2815 235 2895 etium
259 2816 395 2895 nubilis
420 2817 459 2896 lle
483 2815 606 2895 ninus
632 2812 825 2891 fortunatis
847 2812 986 2891 unicos
1010 2810 1228 2891 fidelillumos
1252 2814 1474 2893 inuenimus.
1525 2815 1734 2897 Benediun

102 2939 245 3018 ,Deusl

220 3176 277 3250 23.
300 3151 437 3252 Aprilis
461 3149 506 3229 Ι).
531 3147 689 3257 joonnes
716 3148 867 3225 Martini
888 3147 1097 3226 Monulleril
1127 3148 1236 3226 nostri
1275 3136 1497 3237 Praefe'urns,
1534 3153 1650 3234 scribe
1680 3142 1737 3235 lll-¹

121 3273 315 3362 torffenfis,
341 3276 380 3361 it
403 3271 497 3349 alitus
519 3271 670 3368 quidum
693 3269 843 3346 nomine
866 3269 1078 3357 Prouinoise
1111 3266 1392 3366 (urrunnu)
1414 3294 1500 3347 cum
1525 3272 1736 3354 suecicannn

123 3395 306 3496 oopisrum
338 3392 442 3469 Duos
473 3390 633 3479 Biberoei
661 3401 930 3475 commorante,
968 3401 1012 3467 vt
1038 3390 1191 3466 suemus
1221 3389 1266 3467 sb
1299 3388 1499 3480 iuuenilis,
1534 3396 1736 3496 direptioni·

29 3545 38 3556 ·
122 3519 191 3597 bus
211 3527 281 3592 etc.
309 3512 511 3597 immunes,
536 3509 628 3608 palii
654 3508 793 3585 suntin
820 3508 974 3604 fingulas
998 3509 1247 3585 hebdomadas
1272 3532 1463 3587 numerare
1492 3537 1577 3608 250.
1605 3518 1736 3593 eleros

122 3635 299 3718 Viliunlia
329 3653 414 3710 vero
443 3630 482 3707 in
514 3629 668 3728 smgulos
699 3629 780 3705 dies
810 3628 920 3726 pendi
941 3628 1122 3705 debebant
1147 3654 1179 3703 2.
1204 3641 1387 3729 armenta,
1423 3653 1539 3728 panes
1562 3662 1649 3732 300.
1671 3663 1736 3715 sm·

119 3758 256 3858 phorse
271 3751 353 3833 uiui
381 3775 438 3830 oo.
462 3753 537 3828 duo
562 3772 688 3826 currus
706 3747 815 3826 foeno
834 3747 970 3832 onulli,
995 3747 1034 3825 &
1057 3747 1131 3823 duo
1154 3746 1347 3825 stramine·
1367 3749 1525 3851 xinsuper
1547 3760 1735 3837 vexillifero

120 3879 185 3980 qui
209 3872 439 3974 Ruumspurgi
468 3870 506 3948 in
527 3871 640 3950 domo
659 3867 779 3946 nostru
800 3869 1024 3956 morabatur,
1049 3866 1090 3943 in
1110 3864 1265 3963 singulos
1286 3867 1369 3949 dies
1391 3870 1472 3950 dari
1499 3875 1682 3958 debebunt
1705 3902 1733 3978 4

120 3995 339 4099 luuperlales
1259 4052 1264 4059 .
1378 4014 1386 4031 ·

217 4223 251 4293 6.
277 4208 378 4308 Maii.
424 4203 639 4306 loternpesta
664 4204 769 4284 nolle
792 4201 887 4281 circu
917 4223 1060 4280 romum
1091 4200 1203 4281 Sueoi
1230 4200 1385 4290 milltes,
1418 4208 1484 4306 qui
1514 4208 1735 4316 Rnumburgi

120 4338 371 4421 morabantur,
399 4326 565 4409 reeeliusi
599 4327 791 4426 Altorffium
819 4331 1026 4424 petierunt.
1065 4347 1141 4401 oon
1171 4335 1249 4403 tum
1279 4326 1453 4424 oppidum
1484 4353 1601 4431 quam
1634 4337 1732 4415 etism

1700 4466 1733 4533 ri

159 4620 193 4702 ·)
218 4583 335 4702 consuo
359 4613 452 4704 epp.
476 4610 518 4680 au
546 4610 586 4679 Ρ.
604 4608 775 4677 suanm
800 4607 908 4682 ram.
935 4626 1065 4696 nome
1084 4608 1124 4682 rr
1135 4606 1324 4702 sumpno
1352 4613 1492 4703 quun,
1516 4619 1624 4705 prm,
1642 4626 1731 4690 ,ψ

201 4718 758 4810 mssallmdollpyimuacpliffuso
779 4715 1319 4805 Prncpexubnooumuun.
