3736 5160
664 179 1086 270 emmssmme
1619 197 1688 269 nn

46 366 206 442 vacant,
242 363 364 453 vaque
389 354 476 429 dum
499 349 577 451 {rost¹
595 352 830 432 refertionem
854 349 1068 430 seruitor'um
1092 356 1199 429 arebba
1223 357 1314 451 ‘scibo
1345 358 1385 430 ab
1416 359 1572 431 bibendum
1607 371 1687 438 emt.

47 473 189 551 Rursus
214 472 374 572 percutio
401 473 524 551 tabula
555 486 805 552 conuocantur
838 484 870 552 in
904 480 1090 574 capitutum,
1131 486 1173 559 vt
1208 486 1297 551 tuuc
1323 475 1472 553 demum
1495 476 1561 552 nat
1592 479 1686 576 quast

48 604 246 674 memma
270 596 460 669 munimen.
496 609 507 627 ·

294 820 1450 970 nnnnnnnronnnnnvn

153 1085 263 1166 aare
276 1086 382 1191 setun
413 1067 515 1164 donni
546 1091 667 1168 abbatis
688 1102 847 1191 bennun
871 1093 909 1172 be
934 1100 1070 1170 armario
1093 1086 1327 1189 antiphonam
1353 1132 1401 1145 -
1426 1085 1513 1165 Ante
1535 1093 1613 1167 diem
1629 1090 1686 1188 fe·

42 1210 133 1312 stum
159 1206 373 1293 inchoante,
395 1211 524 1285 demun
547 1212 640 1285 obbas
666 1211 703 1288 ὅ(
729 1234 812 1288 cum
837 1237 882 1288 eo
908 1212 1046 1313 abiquot
1059 1216 1212 1309 seniores,
1239 1208 1278 1286 in
1304 1209 1481 1307 capitulo,
1514 1216 1615 1310 prun
1639 1213 1684 1290 ab
1729 1298 1732 1303 ,

49 1328 130 1429 ipso
155 1330 203 1403 ad
227 1326 299 1403 hoc
324 1327 506 1425 deputati,
531 1328 653 1406 lintheis
674 1322 837 1429 brmruti',
872 1332 909 1410 br
929 1318 1028 1431 peltes
1054 1342 1088 1411 tn
1108 1334 1249 1407 munius
1276 1323 1418 1404 inberbes
1448 1328 1607 1420 intrant,
1646 1333 1686 1415 u

50 1447 117 1547 ipii
142 1451 204 1522 dno
226 1443 303 1524 lum·
318 1450 355 1525 br
377 1450 434 1521 buo
458 1454 542 1527 illinc
573 1450 698 1528 lauant
726 1452 764 1528 br
787 1463 934 1556 tergunt
956 1457 1105 1531 obnube.
1179 1451 1221 1528 Iu
1247 1448 1443 1527 ministerio
1471 1456 1595 1528 autem
1619 1451 1685 1529 ha·

52 1570 143 1647 bent
168 1571 322 1664 murres
339 1570 488 1664 presentis
512 1572 555 1657 ἐφ’
572 1569 684 1665 funere
705 1573 861 1648 ebdomade
875 1576 1054 1671 fautores.
1105 1573 1274 1648 Preterea
1297 1569 1433 1645 domno
1457 1570 1577 1652 abbati
1599 1569 1682 1649 suus

54 1686 153 1765 adest
176 1693 367 1784 couno,
406 1689 470 1787 qui
496 1691 607 1782 pedes
632 1715 757 1769 eorum
782 1691 912 1790 quibus
938 1695 996 1791 ipse
1018 1692 1137 1780 lauat,
1170 1691 1243 1789 ipse
1256 1684 1419 1790 Μινύα,
1463 1689 1536 1764 duo
1560 1703 1685 1769 autern
1819 1712 1823 1717 ·

51 1830 191 1908 aquam
216 1806 364 1887 vicissim
390 1808 564 1891 afferuntr
606 1807 802 1887 senioribus
827 1834 912 1888 vero
945 1812 1114 1909 predistis
1142 1834 1217 1887 non
1253 1809 1384 1886 eodem
1418 1810 1530 1885 modo
1555 1811 1684 1888 ammi·

48 1928 241 2015 nistratnr,
266 1924 326 2003 sed
356 1927 508 2026 quilibet
535 1952 667 2028 aquarn
696 1928 869 2019 afferens,
902 1934 994 2028 pedes
1009 1931 1135 2024 fratris
1157 1929 1216 2006 cui
1241 1953 1324 2007 cum
1350 1930 1479 2006 eadem
1505 1948 1599 2029 aque
1631 1924 1684 2009 la·

51 2048 221 2145 umidum
242 2045 479 2157 estrsubteunr.
530 2049 692 2144 Singulis
718 2061 843 2142 autem
872 2074 941 2126 cun
966 2075 1031 2125 unu
1059 2074 1138 2149 aqua
1161 2048 1199 2124 in
1224 2043 1281 2123 bar
1309 2048 1552 2134 etcelauatur.
1601 2053 1683 2144 Quo

59 2168 208 2267 perusto
234 2165 398 2243 omnibus
430 2165 502 2244 hiis
537 2168 769 2245 seruitoribus
803 2169 842 2244 in
861 2168 1058 2245 auditorio
1093 2157 1199 2245 binis‘
1225 2170 1263 2249 ἀ
1290 2169 1384 2247 binis
1422 2194 1471 2244 ex
1493 2193 1565 2248 vna
1590 2195 1683 2269 aqua

67 2286 204 2385 aliquot
224 2287 351 2363 fratres
385 2289 432 2365 ad
462 2288 533 2364 hoc
566 2288 602 2363 in
632 2288 788 2386 capitulo
824 2289 942 2367 eciam
971 2287 1215 2388 prenominati
1238 2289 1349 2388 pedes
1379 2290 1505 2368 lauant
1536 2294 1573 2372 br
1610 2305 1684 2372 ter·

60 2420 169 2504 gont,
198 2409 247 2486 de
268 2407 358 2484 hinc
394 2410 432 2487 bc
472 2410 518 2485 ad
554 2431 686 2485 manus
718 2406 850 2509 aquarn
877 2410 932 2487 eis
968 2408 1259 2487 sumministrant.
1323 2411 1428 2497 Quod
1463 2413 1554 2489 dum
1583 2435 1694 2511 pera·-
1759 2416 1785 2435 ”

53 2541 148 2625 gunt
165 2524 227 2626 ipfi
252 2527 291 2603 in
314 2527 511 2627 capitulum
542 2530 718 2615 redeunt.
781 2530 923 2614 Deinde
957 2532 1115 2608 domnus
1143 2530 1250 2608 Abba
1282 2533 1319 2609 be
1350 2532 1498 2627 preditti
1527 2533 1684 2609 seniores

55 2663 190 2749 aquam
212 2646 386 2727 fratribus
415 2653 457 2725 nd
479 2653 642 2723 abluendus
666 2672 776 2725 monus
807 2649 978 2748 afferunt:
1015 2640 1264 2750 enusquisque
1296 2673 1421 2743 eorum
1450 2651 1523 2724 hiis
1553 2652 1684 2749 quibus

60 2770 223 2869 &prius
246 2769 357 2865 pedes
376 2768 554 2845 iauerunt.
605 2769 679 2845 Sed
710 2771 846 2846 domno
876 2772 997 2847 abbati
1019 2772 1107 2848 ficut
1128 2774 1167 2849 br
1187 2770 1261 2846 hiis
1289 2768 1483 2846 senioribus
1506 2772 1579 2847 duo
1602 2782 1685 2848 tan·
1750 2850 1753 2859 ,

61 2900 137 2969 turn
162 2890 298 2966 narres
321 2913 365 2963 ea
394 2890 473 2966 vice
501 2887 634 2976 auant,
660 2912 753 2963 vnus
784 2888 1049 2984 manutergium
1079 2891 1247 2966 fratribus
1267 2889 1439 2985 prebens,
1476 2889 1567 2966 alter
1593 2892 1684 2969 dum
1750 2890 1753 2911 ²
1789 2976 1802 2993 Ι

64 3033 117 3087 res
141 3008 258 3105 exigit
286 3030 418 3106 nquam
444 3006 606 3083 afferens.
680 3007 762 3085 Post
783 3007 854 3085 hoo
884 3031 1013 3086 omnes
1046 3008 1150 3087 simul
1180 3008 1414 3104 egrediuntur
1443 3008 1682 3110 manibusque

69 3130 241 3229 expeditis
257 3127 309 3203 iiii
324 3127 386 3202 soli
403 3127 463 3225 qni
480 3129 592 3225 pedes
607 3127 756 3204 fratrum
775 3126 942 3211 iuuerunt
956 3128 1150 3205 redeuntes
1169 3137 1381 3224 renuntiare
1395 3136 1550 3204 trutinaret.
1574 3200 1576 3205 .
1602 3131 1684 3214 Quo

71 3250 175 3327 enum
189 3248 311 3325 statim
336 3250 484 3350 [crederer
499 3261 586 3322 tunc
612 3248 768 3344 primum
788 3248 925 3337 domno
944 3247 1081 3325 Abbati
1091 3248 1194 3345 seriem
1212 3247 1304 3346 fuam
1321 3257 1439 3345 prtem
1460 3247 1588 3349 affingit
1613 3272 1683 3327 ron·

74 3382 180 3446 mr.
239 3367 315 3445 Sed
341 3372 380 3448 br
400 3370 453 3444 hii
477 3367 539 3467 qui
568 3367 655 3442 soris
674 3366 920 3444 remanserunt
934 3366 1112 3442 intrantes
1135 3368 1180 3442 nd
1201 3365 1321 3442 sedem
1346 3368 1464 3456 suam,
1495 3369 1683 3446 inclinant.

74 3487 292 3588 Priusquam'
307 3501 432 3567 autern
467 3512 575 3587 quam
610 3487 749 3565 abiucio
776 3509 951 3563 manuum
983 3511 1030 3563 ex
1055 3499 1134 3563 toto
1160 3485 1325 3571 finiatur,
1369 3470 1544 3564 diacbnus
1562 3492 1684 3567 ,ebdo-

12 3634 19 3643 ·
77 3594 310 3699 aeduine&
334 3608 473 3701 eomerss
500 3605 563 3706 qui
594 3606 817 3683 'thuribulum
857 3608 895 3686 ἀ
922 3605 1136 3687 candelabra
1155 3604 1321 3688 deferant
1357 3609 1493 3710 absque
1529 3609 1683 3690 licenda
1811 3615 1814 3619 ’

82 3733 241 3808 bubones
263 3737 402 3823 exeunt
433 3731 471 3809 δι
491 3724 583 3805 albis
608 3729 642 3802 se
667 3727 836 3803 induunt.
941 3804 945 3810 ,
1278 3731 1283 3738 ’

158 3972 299 4050 Cantus
324 3979 446 4044 autem
471 3965 682 4063 hujusmodi
707 3967 767 4043 eit.
825 3962 906 4042 Post
927 3963 1099 4064 primam,
1132 3962 1218 4042 Ante
1245 3966 1324 4044 burri
1344 3967 1475 4074 festum,
1518 3972 1593 4049 dno
1611 3972 1703 4052 fra..

13 4074 22 4087 ’
85 4094 141 4167 nn
154 4094 198 4169 ad
213 4090 418 4185 analogium
439 4088 628 4166 venientes
654 4085 799 4163 &ante
823 4088 857 4163 se
879 4098 1022 4163 tentum
1043 4087 1150 4162 semei
1169 4087 1385 4166 inclinantes
1408 4091 1609 4188 precinunt.
1633 4135 1683 4152 -

10 4144 31 4285 i
90 4207 227 4288 run-ac
250 4207 358 4296 ebra,
398 4218 584 4287 conuentu
609 4208 768 4283 eundem
790 4206 944 4283 -versum
967 4206 1024 4283 vel
1053 4207 1132 4303 ejus
1160 4208 1420 4303 repeticionem
1454 4213 1502 4289 ad
1528 4212 1691 4309 ungulos
1756 4258 1759 4265 ·

85 4332 184 4411 retius
217 4329 365 4409 viciffim
399 4328 566 4405 iterante.
649 4326 730 4403 Post
765 4328 869 4423 cujus
895 4327 1007 4407 tinem
1033 4339 1154 4407 cetere
1183 4328 1381 4429 antiphone
1413 4331 1683 4430 subjunguntur.

14 4506 17 4513 -
87 4438 208 4532 Harum
229 4463 356 4537 autem
381 4449 546 4530 omnium
573 4446 637 4525 iste
659 4446 710 4526 est
735 4450 835 4526 ordo.

1524 4694 1682 4781 ANTI·
1709 4712 1713 4717 “
