3736 5160
114 238 189 311 ³50
231 231 236 239 ’
715 210 1133 303 *omo*
1188 222 1193 233 '

215 393 461 471 litostriffimao
488 412 534 469 ac
559 387 888 466 Reuerendisiimae
912 388 1181 465 nominationis
1204 388 1338 469 vestrae
1363 391 1540 481 Litteras,
1568 408 1646 491 qua
1674 390 1737 468 de·

117 524 179 591 oet
203 516 446 597 obseruantia,
470 509 611 607 accepi,
642 532 690 583 err
717 507 849 605 quibus
881 530 942 594 ea,
971 530 1066 607 quae
1090 509 1188 605 prius
1215 510 1262 588 de
1291 512 1598 591 Reuerendiffima
1627 509 1672 587 D.
1693 510 1739 591 V.

119 634 261 713 ardenti
291 655 376 727 erga
398 632 538 717 Deum,
561 629 710 725 ejusque
731 626 906 721 majorem
927 627 1058 723 ubique
1085 631 1306 725 propagandi
1337 630 1488 727 gloriam
1516 631 1662 716 animo,
1688 630 1741 707 ia·

118 772 181 835 rna
203 753 400 835 serebatur,
427 748 537 847 reipsa
560 770 646 825 vera
672 746 760 832 esse,
784 744 935 843 agnum,
962 747 1001 825 dr
1015 746 1063 821 de
1083 759 1187 824 tanto
1206 772 1290 843 erga
1308 748 1507 845 Religiosae
1532 748 1741 848 disciptinas

118 870 367 947 restaurandae
392 866 504 956 Zelo,
528 865 781 950 vehementer,
806 876 848 941 vt
873 862 1002 949 debui,
1026 867 1202 943 Laetatur
1227 867 1318 944 sum.
1373 868 1596 947 Benedisius
1622 868 1742 955 Deus,

119 992 184 1087 qui
209 988 297 1064 huic
322 984 485 1063 suidenir
515 997 591 1062 tam
615 984 805 1081 antiquae,
841 986 880 1062 dr
914 996 972 1060 tot
998 983 1213 1063 Sauliorum
1241 988 1410 1067 Virorum
1435 986 1573 1072 altrici,
1605 985 1745 1063 Domui

119 1108 203 1189 suae
235 1105 510 1205 dispensatorem
538 1116 615 1180 tam
643 1102 790 1179 iideiem
827 1100 1035 1190 coustituit,
1052 1104 1123 1202 ‘qui
1142 1104 1249 1189 iicet.
1288 1106 1403 1183 etiam
1438 1104 1741 1205 perturbatiffimo

120 1240 303 1335 tempore,
327 1237 488 1303 veterem
514 1234 592 1301 tam
614 1220 782 1317 Religiosr
814 1220 968 1297 losiituti
1000 1246 1165 1300 normam
1191 1224 1341 1311 referre,
1373 1227 1412 1304 dr
1434 1224 1472 1299 in
1497 1223 1661 1301 Ecclefia
1683 1222 1743 1299 srbi

122 1342 306 1423 commitis
331 1342 463 1440 vbique
480 1340 668 1419 efformare
692 1343 731 1419 dr
752 1340 859 1427 velit,
889 1340 1049 1419 &omni
1071 1365 1163 1439 ope.
1195 1343 1234 1421 dc
1262 1366 1372 1441 opere
1399 1342 1547 1420 nitatur.
1613 1344 1783 1419 Caeto-

121 1488 205 1541 rum
230 1472 409 1562 quantum
431 1462 478 1538 de
504 1472 580 1536 tam
607 1457 785 1553 Religioin
809 1463 847 1537 dr
867 1480 950 1535 vere
970 1460 1032 1555 pio
1051 1458 1362 1539 VlusiriiirmaeD.
1390 1466 1431 1541 V.
1452 1462 1640 1559 Proposun
1673 1460 1783 1537 ine·-

121 1596 196 1671 tor,
220 1594 366 1659 tantum
397 1579 561 1669 uicissim,
602 1580 709 1675 quod
726 1587 803 1656 tarn
827 1578 939 1675 josiae
968 1578 1007 1659 dr
1040 1580 1212 1657 laudabili
1244 1582 1413 1717 petitioni
1449 1582 1651 1678 ejusdem,-
1675 1580 1783 1659 boo

119 1716 309 1801 tempore,
335 1698 528 1779 obcausas
551 1695 784 1810 nonnullius
806 1698 987 1776 momenti
1008 1698 1171 1775 satisfieri
1187 1723 1210 1776 a
1227 1724 1288 1778 me
1308 1700 1432 1778 minus
1451 1701 1575 1799 possit,
1605 1724 1655 1775 ex
1670 1698 1749 1775 sni·

121 1846 184 1901 mo
207 1822 330 1899 doleo.
374 1818 425 1894 Et
451 1808 538 1895 vero
560 1816 707 1895 animus
735 1815 827 1893 mibi
855 1838 1055 1915 numquam
1078 1817 1213 1904 deluit,
1245 1840 1315 1897 nec
1342 1818 1462 1897 adlruc
1495 1820 1616 1909 deest,
1645 1818 1749 1895 Reli·

120 1912 260 2040 mosum
286 1939 491 2016 institutum
517 1934 649 2034 ubique
675 1936 913 2033 promouendi
932 1936 971 2014 dc
991 1938 1230 2035 propagandi,
1254 1938 1369 2017 obsint
1388 1951 1515 2016 tamen
1534 1940 1621 2017 buin
1636 1958 1746 2013 meae

65 2050 68 2055 ’
120 2045 398 2165 promptissimae
422 2054 600 2133 voluntati
622 2067 710 2133 ante
735 2054 823 2140 alia.
863 2066 967 2133 aetas
997 2080 1073 2133 non
1098 2070 1176 2135 tam
1199 2057 1333 2147 Senio,
1381 2080 1494 2156 quam
1523 2057 1745 2159 qnadraginta

122 2207 302 2265 cosmum,
334 2178 463 2273 quibus
488 2174 574 2251 huic
602 2172 820 2250 Monasterio
840 2175 980 2273 prolui,
1016 2174 1128 2255 baar
1149 2176 1354 2273 laboribust
1386 2180 1426 2257 dr
1448 2181 1548 2276 quod
1570 2179 1751 2255 summum

122 2302 192 2385 est,
216 2297 467 2395 Superioribus
490 2294 617 2378 annis,
640 2292 758 2369 morbi
784 2295 942 2393 quodam
958 2294 1147 2372 accidente
1165 2295 1217 2371 ita
1237 2298 1410 2385 contrita,
1434 2311 1475 2390 vt
1497 2299 1546 2375 de
1571 2298 1750 2377 Abbatiar

121 2418 278 2500 Munere
313 2414 530 2498 abdicando,
567 2436 642 2487 non
672 2424 818 2488 tantum
849 2413 1055 2508 cogitarim,
1096 2414 1291 2502 tentarim,
1316 2416 1374 2493 sed
1397 2416 1471 2515 ipsu
1496 2418 1614 2495 etiam
1645 2438 1749 2515 opere

122 2534 384 2672 praestitissem,
421 2531 485 2607 nisr
520 2543 724 2626 temporum
747 2530 913 2616 istorum,
939 2534 977 2609 dr
999 2532 1101 2611 bellis
1125 2538 1163 2612 dr
1186 2534 1266 2611 aliis
1286 2536 1533 2615 Incommodis
1552 2536 1748 2615 notissimo·

122 2680 226 2744 nrm,
260 2652 411 2750 injuria,
450 2648 714 2748 impedimento
742 2650 834 2725 mihi
867 2648 1060 2728 exstitisset.
1139 2652 1190 2728 Et
1220 2656 1392 2753 quoniam
1417 2680 1503 2757 cum
1532 2658 1750 2735 obsonium

123 2790 204 2855 tum
229 2796 316 2853 sero
340 2770 502 2849 maxime
534 2770 583 2847 ob
610 2768 766 2846 morbi
750 2792 826 2865 Jam
852 2770 987 2847 ditium
1022 2770 1210 2859 accidens,
1247 2772 1346 2855 nulla
1375 2798 1437 2851 me
1467 2776 1561 2852 bora
1585 2775 1751 2857 securum

122 2889 297 2995 praesim,
329 2892 370 2967 ln
400 2914 446 2966 eo
470 2887 570 2977 casu,
607 2912 680 2989 quo
702 2888 760 2967 vel
784 2890 916 2966 sedatis
934 2888 1056 2978 bellis,
1078 2914 1141 2969 me
1165 2892 1213 2969 de
1235 2890 1488 2989 Resrgnatione
1519 2896 1660 2975 iterum
1692 2919 1751 2973 co·

124 3020 260 3119 gitare,
301 3010 396 3092 uel
383 3034 422 3088 ιιι
447 3009 677 3087 munemita
699 3008 852 3085 Excelsa
880 3008 1025 3085 Fratres
1048 3032 1152 3087 meos
1183 3013 1231 3088 de
1255 3014 1446 3091 successore
1477 3012 1749 3107 constituendo,

46 3228 51 3237 ⁴
123 3138 336 3219 deliberare,
356 3128 544 3207 necessitas
558 3140 701 3226 urgeret
715 3128 894 3228 (quonum
917 3128 1130 3205 altemtrum
1149 3130 1283 3207 disserti
1305 3132 1367 3209 vix
1392 3132 1456 3209 diu
1473 3132 1641 3233 poterit)
1666 3134 1751 3213 faci·

123 3260 160 3335 le
183 3259 219 3336 dr
243 3254 439 3354 prudenter
463 3248 722 3326 liiusirisiimam
746 3251 784 3327 u
816 3248 1158 3337 Reuerendiffimam
1174 3250 1219 3327 D.
1236 3252 1278 3329 V.
1303 3252 1521 3349 prospicere,
1554 3256 1651 3331 mibi
1674 3278 1750 3355 per·

125 3360 278 3459 madeo,
320 3371 360 3447 in
386 3378 491 3446 tanta
525 3368 685 3443 iocomm
721 3367 906 3452 distantia,
952 3367 989 3442 in
1026 3378 1101 3445 tam
1133 3370 1255 3465 grauis
1284 3372 1466 3447 momenti
1503 3374 1674 3469 negotio,
1712 3372 1749 3452 in

125 3516 220 3595 quae
253 3494 295 3571 &¹
316 3499 451 3587 quanta
480 3485 637 3585 pericula
670 3486 922 3564 monasterium
954 3508 1079 3563 meum
1114 3488 1391 3583 conjicereturl·
1433 3488 1615 3581 Accedit,
1653 3492 1748 3595 quod

98 3636 175 3713 ‚ex
195 3611 378 3689 Fratribus
402 3606 493 3684 mihi
517 3606 687 3683 commiss
690 3631 709 3681 s
732 3629 804 3679 non
830 3604 982 3738 paucis
959 3604 1027 3680 srnt
1043 3604 1152 3703 smer,
1188 3607 1248 3682 aiii
1272 3608 1393 3685 morbis
1416 3610 1530 3689 edam
1556 3612 1677 3702 usui,
1709 3614 1746 3691 dr

125 3732 277 3833 proinde
321 3726 408 3805 huic
438 3723 705 3835 reformationis
735 3722 845 3798 labori
875 3721 995 3800 minus
1028 3721 1162 3801 idonei.
1238 3726 1302 3804 Est
1341 3729 1453 3807 etiam
1492 3733 1606 3809 nobis
1635 3732 1740 3813 lietu·

125 3856 230 3933 brum
259 3844 458 3948 quodam
445 3866 484 3919 m
510 3844 642 3939 oppido
679 3840 874 3929 Veldir'rcb,
918 3844 955 3916 in
983 3866 1057 3941 quo
1080 3842 1192 3919 etiam
1217 3868 1290 3921 non
1319 3842 1427 3945 pauci
1452 3852 1619 3949 degunt:
1657 3866 1742 3931 utro·

127 3970 236 4069 bique
266 3990 354 4047 vero
381 3979 461 4041 tam
492 3961 572 4051 lric,
626 3984 735 4059 quam
768 3960 818 4037 ibi
850 3962 1024 4059 populus,
1063 3964 1101 4041 dr
1135 3963 1266 4039 subditi
1301 3990 1348 4041 eo
1377 3968 1452 4062 iam
1483 3970 1556 4047 Dei
1584 3994 1746 4057 munere.

126 4094 259 4193 partim
286 4084 550 4170 concionibus,
580 4081 709 4179 partim
735 4080 1001 4157 Conseffionum
1024 4082 1270 4161 auditionibus
1301 4086 1453 4187 aliisque
1479 4088 1657 4169 similibus
1681 4092 1747 4167 Er·

127 4208 264 4288 ercitiis
291 4202 412 4282 assueti
437 4206 534 4290 sunt,
582 4213 623 4279 vt
658 4200 822 4277 certatim
859 4203 1021 4278 marimo
1058 4226 1211 4279 numero
1244 4223 1520 4295 concurrentes,
1571 4212 1635 4289 his
1658 4208 1745 4309 spiri-

128 4328 285 4407 tualibus
312 4322 521 4409 Exercitiis,
561 4344 634 4395 non
662 4318 741 4395 srne
767 4342 919 4415 magno,
966 4320 1027 4421 pio
1051 4332 1174 4399 tamen
1206 4326 1244 4401 iic
1267 4324 1428 4419 relig-iota
1457 4328 1600 4421 labore,
1637 4326 1743 4427 iuuari

130 4451 302 4527 omnibus
344 4443 464 4519 modis
501 4437 754 4517 sementiffime
797 4452 981 4538 appetant.
1047 4442 1116 4518 Cui
1142 4443 1333 4529 desiderio,
1374 4444 1411 4521 in
1438 4458 1497 4523 tor
1521 4472 1685 4528 meorum
1706 4448 1740 4522 iu

131 4568 220 4646 alias
243 4576 364 4665 partes
388 4558 549 4673 misione
573 4582 645 4661 qua
665 4558 808 4643 ratione
837 4556 1001 4640 satisfieri
1022 4566 1215 4643 commode
1244 4564 1398 4663 amplius
1420 4566 1555 4669 posset,
1586 4572 1651 4651 vis
1673 4589 1741 4667 per·

1645 4686 1739 4789 spicio
