3736 5160
709 209 1069 299 *ww*
1629 218 1702 305 545

69 389 181 467 nonis
220 384 488 472 Confellarius,
521 384 675 483 spartam
705 385 804 461 luam
828 384 866 461 iu
895 382 1031 484 quouis-
1058 385 1191 461 horum
1220 403 1413 461 munerum
1444 384 1569 463 exalte
1600 407 1701 499 corn·

70 509 186 607 plens,

167 699 280 773 Anno
304 699 454 774 demum
488 710 589 794 1738.
620 720 676 798 17.
694 697 914 776 Nouembris
938 723 960 776 e
984 695 1170 774 Cathedra
1195 695 1413 792 Theologica
1441 692 1701 791 Salisburgenii

69 820 117 897 ad
142 818 339 896 Abbatiam
366 815 675 909 Weingarteniem
695 820 842 897 euectus
868 818 928 894 eli.
1000 819 1072 897 Vix
1097 820 1247 894 domum
1280 816 1459 903 reuersus,
1493 815 1700 895 Monasterii
1749 838 1762 845 ··
1850 862 1856 875 =

71 939 176 1035 cujus
196 960 318 1012 curam
338 936 534 1032 susceperat
558 938 644 1035 jura
669 953 841 1016 nontam
865 938 1046 1023 defendit,
1073 960 1182 1034 quam
1206 934 1308 1012 auxit
1331 936 1571 1020 dexterrime,
1605 948 1699 1009 atta-

70 1082 156 1136 men
185 1081 258 1135 non
286 1053 360 1131 fine
389 1052 562 1131 maximis
596 1056 775 1155 impensis.
839 1059 936 1135 Nam
966 1080 1062 1133 anno
1093 1080 1182 1133 mox
1213 1056 1379 1153 sequente
1412 1054 1535 1131 media
1562 1054 1700 1152 hyeme

68 1176 253 1257 Viennam
273 1174 472 1275 prosedas,
497 1176 592 1271 apud
617 1178 908 1274 Angustissimum
927 1178 1186 1275 hnperatorern
1206 1174 1378 1253 Carnium
1405 1174 1460 1255 Vl.
1481 1184 1626 1254 tantum
1645 1174 1700 1253 ef·

68 1297 175 1384 fecit,
200 1308 378 1395 quantum
404 1294 467 1370 vix
488 1296 533 1373 ab
553 1296 623 1372 alio
646 1300 781 1397 sperare
804 1297 965 1373 licuillet.

163 1490 337 1566 Ceterum
360 1480 515 1585 plurima
534 1512 680 1588 quoque
701 1491 867 1570 aedilicia
887 1490 1056 1567 Placidus
1080 1487 1198 1565 noster
1217 1509 1302 1565 cum
1324 1487 1371 1564 ad
1394 1485 1599 1575 utilitatem,
1616 1495 1700 1567 turn
1794 1552 1806 1563 .

69 1611 117 1687 ad
144 1611 314 1685 decorem
338 1607 378 1683 in
401 1607 585 1705 Dynalliis
605 1610 734 1689 nollris
764 1611 821 1690 vel
842 1634 865 1685 e
889 1610 1129 1685 fundamento
1154 1609 1288 1696 erexit,
1314 1606 1372 1689 vel
1393 1605 1545 1705 collapsa
1567 1605 1699 1683 restau-

67 1732 191 1806 rauit=
215 1728 373 1825 iecitque
403 1726 640 1812 fundamenta
667 1731 764 1807 illius
792 1726 975 1824 magnifici
1005 1727 1179 1816 aedilicii,
1209 1727 1269 1804 cui
1293 1726 1414 1825 postea
1437 1724 1699 1805 Reuerendiffi-

68 1849 302 1926 musllbbas
325 1846 540 1925 Dominicus
563 1851 681 1926 noller
709 1849 938 1949 superstruxit
960 1861 1071 1948 atque
1093 1847 1142 1922 ad
1168 1849 1262 1925 tetta
1288 1846 1452 1923 deduxit.
1503 1845 1699 1943 Templum

68 1968 365 2064 elegantiffimum
387 1967 570 2045 Altdorffii
593 1969 765 2047 maximis
787 1969 986 2066 sumptibus
1012 1965 1277 2044 consummauit
1301 1966 1363 2062 l⁵),
1388 1988 1565 2062 organum
1584 1986 1697 2062 pneu·

66 2088 244 2166 maticum
272 2110 346 2163 non
371 2087 502 2165 minori
525 2087 618 2165 aeris
638 2089 825 2189 impendio
849 2091 896 2167 ad
919 2087 1139 2165 hodiernum
1158 2085 1383 2183 splendorem
1411 2086 1582 2171 deduxit,
1615 2083 1698 2178 ejus

67 2219 192 2282 tamen
215 2205 470 2299 perfectionem
500 2205 682 2285 succellori
708 2232 855 2310 quoque
885 2208 1108 2307 relinquens.
1172 2206 1225 2284 Vt
1260 2205 1352 2280 nihil
1382 2205 1429 2280 de
1463 2179 1699 2283 Bibliotheca

69 2326 211 2409 dicam,
236 2348 343 2422 quam
370 2324 451 2401 sane
474 2327 664 2405 ledillrmis
688 2331 726 2407 dr
751 2326 1001 2427 pretiollffimis
1027 2327 1129 2404 libris
1156 2325 1339 2422 infigniter
1369 2329 1508 2423 prorsus
1536 2324 1700 2423 locuple-u

69 2443 173 2519 tault.
220 2442 347 2521 Tantis
370 2470 453 2521 vero
480 2449 748 2544 erogationibus
769 2450 823 2525 ita
845 2446 1023 2524 aerarium
1043 2446 1256 2523 exhaustum
1278 2445 1346 2531 est,
1372 2459 1412 2521 vt
1433 2446 1594 2541 ingentia
1609 2468 1696 2520 con·

67 2562 212 2636 trahere
235 2565 358 2641 debita
384 2565 562 2644 necellum
584 2574 716 2658 fuerit:
742 2592 834 2674 quae
856 2567 989 2642 exinde
1013 2590 1157 2664 quoque
1176 2590 1249 2641 non
1268 2563 1411 2640 modice
1431 2567 1581 2641 adautta
1605 2564 1694 2652 sunt,

66 2682 164 2776 quod
185 2679 300 2753 nimio
323 2683 548 2775 plrylrcarum
581 2676 619 2747 dc
651 2680 912 2773 Chymicarum
947 2683 1337 2777 experimentationum
1370 2705 1494 2759 amore
1526 2684 1695 2779 abreptus

65 2800 146 2895 plus
174 2798 263 2894 justo
286 2796 522 2893 Alelrymillis
549 2806 747 2892 eorumque
778 2798 883 2876 vanis
900 2796 1046 2903 artibus
1076 2800 1144 2874 ieie
1170 2800 1372 2876 crediderit.
1449 2801 1605 2882 Vulnere
1631 2800 1694 2880 Vi-

64 2943 157 2994 neae
181 2919 307 3012 grandi
329 2916 479 3001 inllitto,
504 2914 542 2992 dr
565 2939 611 2990 ne
636 2913 783 3014 quidem
798 2917 837 2992 in
867 2917 964 2993 hanc
988 2942 1101 3017 vsque
1118 2920 1218 2995 diem
1246 2919 1413 3015 obligato.

158 3114 271 3186 Anno
301 3132 401 3207 1740.
426 3109 706 3187 Bellenlrourrum
727 3111 906 3207 profedus
928 3111 997 3196 est,
1033 3112 1076 3187 D.
1109 3111 1335 3187 Francilcum
1356 3110 1549 3211 Jolephum
1566 3110 1692 3189 Storer

65 3255 88 3306 a
118 3231 329 3306 sereniffimo
353 3228 518 3327 Principe
548 3228 725 3305 Frobenio
757 3230 986 3305 Fordinando
1014 3232 1060 3307 de
1098 3232 1127 3305 F
1128 3226 1331 3326 lirstenberg
1361 3234 1398 3310 dr
1434 3229 1692 3331 Heiligenberg

62 3351 100 3425 in
130 3349 371 3446 Praepofitum
392 3351 674 3448 praesentatum,
699 3349 956 3426 inuestiturus:
978 3360 1019 3425 vt
1042 3352 1180 3427 nullam
1197 3353 1243 3426 de
1261 3350 1341 3425 aliis
1363 3348 1572 3438 itineribus,
1596 3372 1690 3446 quae

62 3467 169 3548 variis
195 3494 241 3544 ex
265 3468 555 3566 causispercgit,
579 3469 804 3545 mentionem
827 3470 1016 3547 suciamus.

160 3662 214 3740 Ob
239 3662 527 3759 ingrauescentes
561 3665 752 3759 languores
779 3662 915 3740 viribus
945 3664 1066 3743 fratiis
1102 3663 1194 3742 vltro
1224 3662 1371 3740 mitram
1403 3659 1536 3759 posuit,
1574 3664 1612 3741 dr
1647 3660 1687 3741 in

61 3806 193 3860 manus
213 3783 371 3881 Capituli
399 3784 611 3880 resignauit,
635 3784 803 3859 Hol'enae
829 3784 1001 3880 deinceps
1034 3798 1253 3869 moraturus,
1286 3785 1345 3861 vbi
1371 3783 1528 3881 primum
1550 3784 1688 3880 praeci-

61 3928 174 4002 puum
199 3904 233 3978 ei
257 3905 411 3980 lludrum
443 3904 533 3993 fuit,
567 3904 748 3979 curandae
772 3905 893 4003 potius
921 3906 1066 3982 animae
1092 3928 1200 4003 quam
1228 3903 1404 3999 corporis,
1443 3904 1537 3999 quod
1567 3902 1687 3979 debile
1791 3974 1794 3979 .
1843 3950 1846 3955 -

61 4048 104 4099 ac
127 4024 339 4117 languidum
367 4023 500 4098 exinde
523 4022 602 4098 fuit.
665 4024 845 4119 Repetitis
872 4025 983 4121 igitur
1011 4024 1235 4122 Apoplexiae
1262 4023 1390 4100 idibus
1416 4021 1580 4097 omnium
1609 4024 1686 4099 fere

62 4143 222 4217 sensuum
254 4145 291 4219 dr
319 4146 562 4220 membrorum
588 4142 649 4220 vlu
678 4144 871 4220 destitutus
897 4168 993 4219 anno
1020 4157 1121 4241 ¹748·
1157 4159 1213 4228 28.
1243 4142 1328 4241 Julii
1356 4143 1415 4241 pie
1444 4140 1556 4227 obiit,
1583 4143 1620 4219 du
1645 4140 1686 4221 in
1838 4148 1860 4169 '

60 4272 225 4358 cryptam
248 4260 443 4341 Holensem
466 4262 588 4340 illatus
613 4262 754 4362 placide
783 4264 857 4340 illic
883 4262 1101 4364 quieturus‚·
1132 4263 1194 4362 qui
1219 4262 1416 4362 plurimum
1446 4261 1554 4341 riuus
1585 4260 1685 4339 labo-
1817 4318 1826 4337 .

57 4394 209 4456 rauerat.
600 4386 617 4405 ⁶
735 4381 739 4387 '

876 4478 1025 4557 Zzzn
1513 4476 1680 4559 Domi

98 4573 133 4653 ⁸)
155 4572 278 4660 Adjerra
297 4576 336 4663 esi
354 4574 422 4640 baec
444 4574 609 4663 inscriptio:

74 4726 80 4745 ¹
139 4704 233 4785 Dlllo
255 4686 456 4777 orvvauuo
477 4708 626 4792 Augilas
649 4704 833 4793 ReglueDes
849 4706 923 4777 istu
943 4706 1037 4795 erigi,
1055 4704 1236 4795 ornarIqu
1256 4704 1404 4781 cvnvlt
1423 4704 1536 4777 vinee.
