3736 5160
693 252 1112 366 *megene
1641 282 1713 367 aas

184 448 296 528 nane
319 432 473 527 nonam
498 445 664 527 enimam
685 449 912 529 voluntatem
937 450 1006 528 ene
1029 446 1294 548 subscriptione
1321 446 1359 525 n
1381 447 1489 545 nguu
1511 447 1621 525 nourr
1645 451 1714 526 ar-

87 570 292 651 chidncalis
313 569 530 668 appreffione
547 568 715 645 testatum
740 569 904 648 fecimus„
953 570 1149 673 Enstslremr'r‘
1180 594 1233 644 rr
1255 567 1439 644 Februarii
1466 566 1576 645 Anno
1609 578 1712 649 rbar.

84 689 295 793 hupaldus,
316 691 365 765 ad
395 690 611 767 Mandatum
643 688 861 767 Serenilfimi
885 712 927 765 ac
957 687 1254 767 Reuerendiffimi
1281 688 1394 767 Arch.
1432 688 1521 803 Arg.
1551 693 1590 769 dr
1624 686 1712 765 Pan

80 808 256 909 Episcopi
287 807 471 907 proprium
497 806 599 921 ,Jonn
622 806 696 887 Bal
694 806 811 907 tlafirr
839 804 921 885 Scir
907 799 1000 909 leges.

183 1026 328 1125 Contiia
356 1042 506 1121 honen·
495 1066 533 1121 m
565 1042 703 1124 limites
734 1042 895 1132 animis,
929 1045 1223 1123 Reformatorum
1248 1042 1389 1121 labores
1419 1044 1520 1121 breui
1548 1034 1713 1155 optatam

63 1162 337 1263 genuinarunt
364 1162 547 1257 segetem,
582 1166 676 1242 adeo
712 1180 751 1241 ιι
782 1190 916 1265 paucus
946 1166 1041 1242 intra
1073 1186 1190 1240 annos
1220 1160 1298 1243 Viri
1331 1164 1574 1243 adolescerent
1608 1164 1711 1242 omni

64 1280 418 1363 Commendatione
442 1282 555 1378 digni.
610 1284 728 1361 Cultis
758 1285 868 1381 igitur
890 1287 929 1363 in
955 1296 1096 1361 tantam
1126 1282 1349 1360 fertilitatem
1380 1283 1505 1372 terris,
1536 1283 1712 1395 unitoque

61 1426 169 1481 cum
184 1400 459 1503 congregatione
482 1396 641 1501 Alsotico
663 1405 881 1503 Monosterio,
905 1403 1015 1483 nostri
1046 1405 1199 1485 domum
1223 1403 1430 1493 redierunt,
1450 1403 1603 1481 Litteris
1621 1386 1711 1493 See·

58 1504 222 1623 piffime
238 1520 296 1601 ab·
303 1504 451 1623 Abbate
474 1520 663 1611 honorati,
687 1524 727 1603 da
747 1523 886 1621 gratiis.

177 1756 257 1837 Sed
282 1756 328 1834 ab
351 1756 549 1835 occidente
565 1760 684 1837 rursus
707 1762 755 1837 ad
777 1758 965 1837 Orientem
984 1758 1194 1836 vertendus
1200 1758 1252 1835 est
1274 1757 1423 1853 oculum
1447 1780 1534 1835 nam
1555 1758 1594 1837 dr
1610 1755 1709 1845 inde

63 1904 123 1956 ex
149 1876 272 1977 Sturin
297 1898 453 1975 nempe,
485 1878 645 1955 Litterae
674 1891 869 1964 venerunt,
900 1902 948 1957 ex
968 1878 1096 1955 eadem
1118 1876 1233 1954 Causa
1252 1878 1446 1957 nnnfestae.
1493 1877 1640 1956 Primae
1661 1900 1711 1955 ex

66 1995 302 2092 Monallerin
316 1992 532 2100 Admontenſs
559 1999 718 2094 Georgia
743 1997 903 2083 delatae,
937 1996 985 2071 fic
1005 1995 1203 2075 tonabant.-
1232 1996 1482 2073 Consrderanti
1502 1974 1604 2075 milri
1632 1998 1710 2075 Ad·

74 2118 242 2205 modum
262 2116 512 2193 Reuereude
500 2138 539 2190 ιιι
564 2115 704 2193 clnirto
724 2117 851 2203 Pater,
874 2138 917 2191 ac
940 2116 1120 2202 Domine,
1152 2115 1300 2193 Ordinis
1324 2114 1434 2193 nostri
1450 2138 1585 2211 magna
1606 2116 1710 2195 unul

77 2233 125 2313 dr
148 2233 337 2329 laudabilia
392 2274 443 2295 ·-
497 2274 549 2293 ·-
588 2274 644 2317 ,··-
661 2262 675 2305 r
693 2235 850 2313 occurrit
882 2234 974 2314 iilud
998 2235 1162 2314 veritatis
1194 2234 1438 2335 praesagium:
1480 2236 1600 2314 Mene
1626 2235 1710 2337 qui·

69 2354 170 2431 .dem
199 2353 334 2441 multa,
370 2353 524 2452 operarii
557 2364 681 2443 autern
711 2354 819 2453 pauci
865 2395 917 2414 ·-
963 2398 1015 2417 -
1063 2357 1290 2453 Quapropter
1317 2356 1518 2433 admodum
1537 2370 1607 2433 eto.
1639 2376 1709 2452 egn

68 2474 124 2553 ad
160 2472 262 2551 suam
294 2473 339 2551 R
371 2473 661 2559 paternitatem,
698 2475 746 2552 ad
779 2473 928 2553 Sacram
956 2477 1057 2554 velut
1092 2475 1291 2553 anchoram
1326 2516 1377 2534 -
1423 2516 1474 2533 -
1527 2475 1575 2551 ad
1598 2497 1707 2562 enm,

66 2614 189 2689 quem
212 2592 316 2669 omni
336 2590 583 2687 Benignitatin
607 2594 645 2671 dr
677 2593 883 2690 proximum
915 2595 1065 2690 iuuandi
1098 2594 1184 2671 Zeso
1216 2593 1403 2671 incensum
1437 2593 1632 2670 multorum
1666 2597 1708 2675 dr

72 2709 429 2807 granium-virorum
461 2710 697 2787 sermonibus
714 2712 909 2807 cognoui,
940 2716 988 2789 ad
1012 2736 1123 2800 enm,
1156 2712 1220 2810 qui
1250 2712 1356 2791 nobis
1379 2712 1550 2790 omnibns
1573 2712 1613 2789 in
1633 2710 1708 2789 hac

73 2830 208 2907 dianna
228 2830 339 2909 bleffe
360 2825 533 2927 operariis
553 2826 733 2907 destitutis
757 2828 960 2907 succurrere
982 2831 1102 2928 poffit,
1126 2830 1152 2905 ιι
1177 2828 1283 2920 velit,
1307 2832 1480 2907 accedere
1503 2830 1606 2907 hince
1628 2840 1706 2909 non

75 2972 231 3037 vereor,
263 2970 396 3046 rogans
419 2948 523 3024 srmnl
548 2951 586 3027 dr
609 2948 815 3035 obsecrem,
849 2960 891 3029 ιι
913 2949 1079 3027 nouelioa
1106 2948 1256 3025 diuinae
1285 2948 1391 3037 ritis,
1422 2950 1554 3027 Christi
1578 2949 1705 3051 videli-

77 3082 157 3155 eet.
183 3067 370 3166 palmites,
402 3066 488 3143 lioet
510 3066 549 3141 in
573 3071 698 3143 exteris
719 3064 926 3158 nmionibrn,
963 3071 1061 3167 quod
1084 3065 1184 3145 laudi
1207 3065 1276 3156 est,
1307 3070 1347 3144 in
1371 3070 1589 3148 Monasterio
1610 3068 1705 3147 mihi

78 3187 289 3265 macredito
311 3186 544 3287 Admontmfi,
576 3209 641 3283 per
664 3200 731 3263 tres
762 3184 956 3266 Sacerdotes
980 3203 1165 3285 (quornm
1194 3186 1309 3265 altero
1330 3209 1396 3286 pro
1420 3187 1554 3277 Ptr'ore,
1590 3188 1706 3265 altero

78 3330 142 3405 pro
164 3307 380 3387 Noaitiorarn
404 3306 599 3407 Magistro,
636 3306 745 3381 tertio
769 3328 834 3403 pro
858 3329 942 3383 meo
976 3304 1181 3407 Consefforio
1210 3305 1265 3385 ιιι
1303 3306 1449 3403 pollim,
1482 3306 1704 3406 quartumsi

75 3429 214 3515 addere
245 3424 425 3514 voluerit,
453 3448 530 3500 non
555 3412 707 3520 abnuo).
767 3426 970 3524 Propagare
995 3447 1070 3500 non
1095 3424 1335 3520 dedignetur,
1374 3436 1416 3505 vt
1437 3426 1509 3503 hac
1531 3426 1703 3505 videlicet

76 3545 219 3623 ratione
251 3566 370 3621 rernm
411 3544 578 3621 omnium
608 3543 791 3621 Dominus
838 3565 914 3618 nnn
957 3541 1070 3619 solum
1101 3542 1321 3621 detrimenta
1363 3548 1477 3645 gregis
1501 3545 1559 3649 sar·
1594 3544 1702 3622 nobie

76 3664 247 3743 omnibnc
271 3661 442 3740 commin
468 3685 542 3738 nnn
573 3662 749 3759 patiatur,
783 3683 909 3739 verum
934 3660 1047 3739 etiam
1072 3660 1111 3736 in
1141 3663 1436 3759 augmentatione
1466 3664 1551 3743 boni
1580 3662 1702 3761 gregia

75 3780 252 3880 gandeat,
277 3783 316 3860 dr
347 3781 513 3857 laetetur.
569 3783 677 3866 Quod
702 3802 813 3880 qnam
841 3780 922 3855 Deo
951 3781 1114 3857 lutumrn
1142 3778 1186 3856 fit
1216 3792 1360 3876 gratnm
1391 3782 1622 3879 obsequium,
1653 3781 1700 3861 R.

64 3904 114 3995 Ρ.
139 3902 191 3981 s·
216 3900 349 4000 suoqere
369 3899 566 3980 venerabili
589 3899 799 3978 conuentui
819 3896 1078 3985 honorificum,
1101 3918 1211 3977 nemo
1235 3898 1303 3987 est,
1326 3899 1389 3998 qni
1413 3898 1558 3978 nesciat.

165 4140 255 4227 ,Qun
278 4160 366 4218 vern
388 4137 619 4216 commodine
641 4137 682 4214 id
705 4135 783 4215 neri
807 4136 926 4237 poffir,
958 4134 1178 4213 ordinariam
1203 4132 1385 4212 Ordinarii
1416 4134 1491 4213 mei
1520 4133 1699 4217 illustriffl·

73 4260 125 4343 mi
148 4258 342 4347 videlicet,
371 4281 539 4335 necnon
563 4254 859 4335 Reuerendiliimi
889 4253 1154 4353 Archiepiscopi
1184 4252 1443 4354 Solisbergenstr
1466 4254 1505 4333 dr
1527 4255 1700 4354 permissi·

72 4400 161 4457 nam
183 4377 369 4455 lioentiam
399 4382 440 4459 dr
464 4401 536 4455 vna
568 4400 652 4453 oum
678 4374 755 4462 iris,
791 4374 850 4453 vel
873 4383 972 4449 certe
994 4370 1096 4450 breui
1119 4372 1196 4472 post
1219 4371 1287 4450 lraa
1315 4374 1360 4450 R.
1385 4374 1423 4451 s·
1448 4372 1488 4451 P.
1518 4374 1699 4471 reeipietr

72 4498 200 4585 hincce
226 4522 287 4575 me
310 4497 355 4575 R.
381 4497 593 4573 Patemitati
619 4496 701 4573 snae
722 4492 824 4572 velot
847 4492 942 4570 filiun
964 4503 1187 4571 annuentem
1204 4491 1325 4569 Patria
1347 4504 1528 4591 exoptans
1551 4494 1696 4573 vultum

10 4664 21 4685 -
72 4618 160 4699 iicet
188 4618 365 4718 ignotnr,
407 4622 621 4718 suorumque
658 4614 825 4717 precibus
853 4614 1082 4817 corirmendo.
1149 4612 1214 4698 Ad
1242 4612 1379 4694 Monta
1405 4636 1462 4709 13.
1496 4612 1682 4813 Febffl

797 4764 801 4771 ·
929 4754 1012 4817 aa
1671 4754 1698 4810 n
