3736 5160
697 229 1116 321 *mmmm
1482 276 1490 281 -
1644 242 1717 317 sos

83 442 117 483 η
131 401 341 489 ditusolum
373 400 508 503 ailquid
535 404 712 504 percepit,
754 402 883 481 dolere
906 429 1025 501 cogor,
1084 405 1139 483 De
1166 404 1387 506 iuuenibus,
1428 401 1631 502 dequibus
1660 399 1717 491 iu·

81 521 317 619 „tercentis
350 523 526 618 judicium
553 526 590 602 dt
619 523 796 600 sententia
823 547 935 621 penes
959 526 1104 602 Fratres
1123 528 1243 602 adhuc
1264 525 1346 620 erit.
1410 523 1508 602 Noui
1531 522 1570 599 in
1600 544 1712 620 quam

76 689 114 728 s,
122 656 260 741 partem
289 654 372 717 tuas
400 641 558 718 Litteras
589 641 815 743 interpretari
839 647 1003 721 debeam.
1071 648 1162 722 Cras
1187 657 1410 721 conuentum
1440 666 1528 740 ago,
1570 645 1607 721 dr
1629 639 1714 740 quis

70 786 109 873 ,ς
119 764 287 839 Fratrum
309 785 475 838 meorum
507 762 671 839 omnium
705 763 869 852 animus,
901 768 1114 861 explornb03
1158 788 1250 863 quae
1278 766 1325 840 ad
1352 763 1598 858 integritatem
1630 759 1710 835 reb·

68 882 239 979 „gionis
264 880 454 957 necessaria
476 882 576 971 sunt,
613 894 654 960 rt
675 883 878 968 obseruent,
911 885 1018 980 piune
1039 886 1207 960 conabor.
1271 881 1470 969 Obedient,
1500 890 1564 956 aut
1591 879 1713 955 Abba·

61 1015 194 1086 „tem
219 1002 258 1076 8.
285 1000 381 1076 Galli
405 1023 560 1077 menon
589 984 784 1080 habebunt.
833 1004 982 1082 Interim
1015 1016 1055 1081 te
1077 1003 1216 1105 optime
1246 1002 1365 1086 ualere
1390 1023 1541 1101 precor,
1586 1000 1713 1081 &mc

60 1172 93 1208 2,
105 1122 193 1201 tuis
215 1118 390 1229 omnibus
409 1122 604 1198 cumulando,
1052 1124 1060 1133 '

177 1358 230 1439 Ei
262 1358 346 1439 sane
364 1352 588 1469 ‘joachimum
622 1380 706 1436 cum
744 1359 908 1463 Georgia,
957 1366 993 1443 dt
1029 1361 1209 1463 Georgium
1249 1384 1332 1439 cum
1365 1355 1549 1467 Joaclrr'mc
1579 1352 1713 1455 juniii!

58 1478 227 1561 'viribus
256 1479 293 1554 in
322 1478 543 1556 reliituendo
573 1478 679 1577 primi
713 1480 881 1559 Feruoris
913 1483 1038 1559 aculeo
1065 1480 1271 1570 laboralie„
1297 1504 1417 1580 neque
1437 1479 1516 1574 ejus
1543 1473 1712 1552 successo·

56 1624 158 1680 rem
186 1596 400 1676 Bernardurn
423 1621 520 1673 anno
548 1620 654 1697 1594.
687 1598 841 1679 eletium
871 1603 940 1676 bac
969 1602 1008 1677 in
1040 1599 1100 1678 via
1132 1592 1336 1698 lanqui'dius
1367 1597 1550 1679 incellille,
1586 1590 1712 1690 espla-

59 1723 226 1811 ribus,.·
257 1741 356 1819 quse
390 1721 494 1797 nobis
534 1718 749 1821 suppetunt,
794 1721 1044 1807 documentis,
1098 1720 1169 1796 hoc
1197 1743 1309 1797 vnum
1359 1715 1521 1817 sequenti
1555 1709 1712 1815 Epistola

62 1838 385 1941 comprehensum
406 1839 511 1914 habe.
562 1840 624 1914 Sic
651 1841 756 1916 enim.
776 1840 973 1917 Bernartius
998 1841 1045 1916 ad
1074 1837 1270 1935 Georgium
1297 1836 1456 1915 nostrum
1480 1858 1577 1913 anno
1605 1844 1711 1927 1598.

71 1986 110 2057 5.
144 1958 295 2059 Aprilis·-
313 1955 451 2034 scribit:
490 1956 704 2047 „Reuerrnde
726 1962 773 2058 p)
791 1959 847 2037 ss
877 1960 1043 2060 Coriffinn
1068 1957 1191 2035 Pater!
1236 1981 1317 2054 prins
1339 1984 1402 2054 non
1429 1958 1480 2033 ilc
1502 1954 1633 2057 pridem
1662 1952 1712 2027 nd

74 2106 163 2171 „me
178 2078 355 2179 scripfiflr',
377 2074 515 2154 libenter·
538 2078 618 2176 legi,
667 2078 697 2157 F
698 2080 775 2153 axit
797 2079 916 2163 Deus,
941 2092 982 2155 vt
1002 2076 1190 2156 retributio
1208 2100 1326 2171 noua,
1357 2099 1467 2179 quam
1491 2068 1709 2171 significasti.

84 2194 531 2299 „magnupli-molumento
559 2195 602 2272 fit
629 2195 862 2296 Reipublicae
884 2197 1127 2283 Christianae,
1166 2194 1246 2297 busli
1270 2222 1348 2273 uero
1369 2209 1495 2283 lrrrcue.¹
1509 2212 1712 2271 nocumen-
1863 2233 1867 2237 .

87 2329 163 2409 ,to
194 2315 466 2417 ineruperabili.
531 2318 638 2400 Quod
667 2341 754 2395 vero
783 2317 937 2394 nostram
962 2315 1032 2395 hac
1054 2314 1093 2393 in
1120 2328 1222 2416 parte
1248 2314 1413 2421 soelicenr
1438 2314 1709 2393 immunitatem

83 2434 325 2534 ,praedicasse
348 2436 475 2512 credas
497 2435 609 2521 mibi,
639 2436 756 2513 multa
780 2440 816 2515 dr
839 2460 972 2532 magna
993 2436 1179 2534 grauamia
1196 2459 1266 2513 nec
1291 2436 1400 2513 nobis
1417 2435 1544 2513 deeffe.
1573 2430 1709 2509 'Hisce

79 2557 242 2645 ,debus
255 2555 354 2665 mini
367 2552 604 2651 fignificatum
621 2560 656 2636 dr
676 2557 858 2635 Abbatem
876 2553 1125 2657 Rldnnrrunsem
1146 2566 1309 2633 extreme
1324 2557 1562 2655 decumbere,
1584 2562 1707 2640 utrum

83 2688 282 2765 emortuus
310 2673 369 2763 srt,
405 2678 568 2752 nondum
592 2677 686 2753 mihi
709 2677 856 2754 constat.
906 2678 1062 2775 Scopius
1085 2675 1233 2773 opinor,
1255 2675 1425 2752 audiuiiii·
1448 2676 1579 2752 statum
1606 2669 1706 2745 illius

80 2790 343 2887 ,Mmasteriis
380 2792 530 2873 Vtinam
564 2818 650 2873 cum
668 2796 781 2871 'nouo
806 2794 955 2892 Capite,
999 2818 1137 2873 nouum
1165 2793 1204 2870 δι
1232 2793 1419 2871 meliorem
1447 2789 1705 2887 intelligamus.

79 2908 191 3007 ,eun
227 2913 413 2995 osiiduum
443 2914 712 2991 benedicendus
747 2915 818 2991 erit
853 2911 1099 3014 Cbrr'stopiorur
1128 2911 1284 2991 Bnrnner
1316 2913 1438 2990 Abbas
1469 2912 1605 2991 elesius
1639 2904 1707 2985 Vi·

80 3020 299 3136 ,sciriugenfir
330 3033 474 3111 ricinus
497 3055 623 3121 meus,
670 3036 810 3132 dequo
840 3033 956 3110 multa
985 3033 1080 3109 bona
1107 3033 1219 3131 spero.
1290 3030 1439 3111 Etenim
1476 3030 1594 3108 statim
1628 3024 1705 3125 poli

82 3152 337 3244 ,Elesiionem
361 3175 445 3241 non·
459 3174 573 3249 pauca
600 3153 831 3239 reformauit,
873 3164 982 3251 atque
1008 3154 1055 3228 ad
1077 3149 1310 3229 monasticam
1333 3150 1576 3250 disciplinam,
1610 3168 1706 3247 quae

81 3288 174 3364 ,tes
207 3269 306 3373 quasi
345 3270 444 3347 nulla
469 3272 506 3345 in
538 3271 603 3346 illo
628 3273 844 3349 Monasierio
874 3287 973 3357 erat,
1016 3269 1214 3361 reuocauit.
1284 3270 1389 3347 lnuilr
1423 3293 1540 3368 nuper
1579 3267 1703 3353 illum,

80 3406 218 3492 ,atque
255 3389 438 3497 animani,
492 3390 556 3489 qui
587 3392 702 3471 muita
741 3415 886 3468 mecum
925 3394 973 3466 de
1004 3389 1131 3467 multis
1163 3389 1267 3467 bonis
1304 3391 1495 3488 Proposrtis
1535 3388 1703 3465 contulit.

81 3512 235 3603 ,Deus,
263 3511 328 3610 qui
358 3510 460 3586 dedit
490 3509 599 3598 velle,
630 3512 693 3586 det
715 3511 899 3606 perficere.
948 3510 1028 3604 Ego
1059 3509 1141 3584 lane
1163 3508 1254 3586 mihi
1276 3512 1434 3606 gratulor
1457 3532 1517 3589 me
1548 3509 1700 3587 tandem

78 3633 237 3725 „habere
277 3628 464 3725 collegam
503 3631 542 3704 in
573 3628 745 3717 Heluetia,
799 3629 861 3728 qui
900 3627 1012 3707 etiam
1048 3628 1108 3717 in¹
1128 3631 1423 3708 reformationem
1464 3627 1701 3708 monasticam

77 3752 321 3844 ,mcumbat.,
358 3748 539 3827 Padum
563 3748 712 3848 plures,
746 3748 773 3825 sr
802 3773 881 3825 non
903 3746 1141 3841 conscientia,
1178 3749 1304 3830 saitem
1331 3747 1699 3850 pudorecommcti,
1808 3820 1810 3826 ,

78 3873 313 3975 ,equentm

168 4105 397 4203 ,vinnium
419 4099 616 4208 insignem,
648 4125 757 4208 mmm
783 4101 870 4187 Dru
894 4101 1081 4187 sabaudie
1103 4105 1152 4185 ab
1174 4103 1386 4210 Hngonossir
1403 4103 1554 4196 (saitem
1575 4103 1698 4207 Caput

71 4228 145 4312 soit
167 4230 465 4329 Hugonottorum
490 4231 688 4331 Digluerr‘us
717 4231 765 4306 de
795 4228 967 4324 religione
993 4218 1123 4326 reliqui
1146 4227 1276 4307 Militis
1302 4229 1448 4325 nescio)
1479 4229 1696 4326 reportabit,

74 4344 274 4446 ,amium
303 4349 444 4443 moseo.
490 4343 613 4429 Hodie
636 4373 722 4430 vero
744 4347 881 4427 ostensa
900 4346 982 4425 lunt
1005 4345 1097 4427 nitri
1124 4367 1221 4429 notua
1243 4348 1424 4447 gallum
1446 4344 1606 4448 lugduni
1627 4348 1697 4427 im·

109 4596 150 4683 n
181 4580 505 4678 roe-aomos
1285 4522 1304 4539 ³
1538 4466 1697 4601 Μ

943 4684 1010 4793 Qu
1212 4723 1215 4729 ·
