3736 5160
64 274 94 302 2
177 253 258 339 512·-
747 226 1201 337 *νωθρὰ*

269 417 459 517 Postquam
488 414 813 493 Reuerendiillmus
841 420 1021 497 Dominus
1049 419 1173 496 Abbac
1196 418 1426 496 Sebastianus
1456 420 1503 496 ad
1538 422 1684 499 initium
1711 424 1795 518 regi·

174 540 285 620 minis
310 539 360 616 sui
392 563 413 614 a
438 538 586 613 subditis
615 537 742 613 nostris
763 538 975 634 homagium
1006 544 1216 637 exceperat,
1257 540 1388 615 citauit
1409 540 1496 614 dein
1523 541 1637 618 etiam
1663 541 1797 623 Heuda·

173 661 286 737 tarius
315 657 592 744 Attdorffenses,
623 657 684 756 qui
714 681 922 755 comparere
943 660 1169 742 recusaruntc
1209 658 1416 734 inhibuerat
1439 658 1539 735 enim
1562 685 1627 735 eoa
1648 663 1799 739 Amma-

172 803 243 857 nus
266 776 512 860 Altorssensrs.
551 778 754 854 obtendens
782 778 995 855 citationem
1030 779 1126 854 hanc
1161 776 1224 854 sibi
1246 777 1285 855 dr
1309 802 1383 853 non
1413 778 1628 856 monasterio
1657 806 1800 880 compe·

171 910 269 977 teret
319 921 432 996 quum
468 911 593 972 tamen
620 896 688 996 Jur
711 897 784 972 hoc
810 897 1032 975 monasterio*
1049 919 1160 973 nemo
1195 921 1355 997 unquam
1381 898 1624 995 disputauerit
1688 903 1800 979 lmmo

174 1023 213 1099 da
237 1016 299 1118 ipsi
332 1016 464 1115 aliique
491 1015 559 1092 viri
585 1016 657 1091 side
690 1015 808 1111 digni,
855 1017 919 1116 qui
956 1018 1112 1093 antehac
1150 1017 1333 1111 ejusmodi
1367 1016 1505 1094 astibus
1538 1018 1802 1113 interfuerunt.

173 1140 412 1224 asseruerunt,
455 1133 677 1215 feudatados
710 1136 816 1210 hosce
854 1150 941 1212 ante
971 1136 1042 1212 hac
1070 1135 1259 1233 sempera
1297 1136 1605 1215 Reuerendiffimo
1640 1140 1799 1218 Domino

172 1259 318 1338 Abbate
345 1257 383 1336 dc
406 1280 480 1331 non
504 1253 549 1331 ab
575 1255 762 1331 Ammano
782 1257 829 1330 ad
857 1255 1068 1351 homagium
1093 1257 1227 1332 citatos
1254 1254 1374 1331 suisset
1410 1255 1450 1330 in
1480 1255 1585 1353 cujus
1610 1258 1664 1336 rei
1691 1261 1799 1337 iidem

172 1378 199 1455 sr
224 1378 483 1477 requireretur,
522 1375 557 1449 se
581 1372 695 1450 etiam
723 1376 977 1472 jurameutum
1003 1374 1233 1470 praestituros
1260 1375 1338 1451 else.
1387 1356 1609 1473 lpfi'tamen
1633 1401 1713 1454 non
1741 1382 1800 1457 ad·

65 1538 76 1554 ›
172 1498 401 1600 quieueruut.
454 1497 503 1573 Vt
528 1494 651 1591 itaque
673 1494 1001 1572 Reuerendiffimus
1023 1494 1205 1571 Dominus
1232 1494 1354 1572 abbas
1381 1486 1603 1574 resratiarios
1623 1486 1732 1575 hosce
1756 1501 1800 1575 ad

172 1620 335 1697 debitam
361 1614 607 1709 obedientiam
634 1613 885 1713 compelleret,
917 1636 982 1689 eos
1015 1613 1135 1690 feudis
1158 1614 1298 1713 priuare
1318 1614 1481 1691 minatus
1508 1615 1658 1693 estete.
1709 1619 1799 1694 'san-

116 1824 121 1829 ,
171 1739 257 1816 dem
280 1736 357 1837 post
383 1733 518 1810 multas
544 1734 655 1836 tricas
686 1755 739 1831 17.
759 1733 850 1830 May
875 1755 897 1808 a
927 1733 1015 1813 ilice
1029 1772 1044 1791 ·
1058 1733 1242 1812 Praefetio
1266 1734 1514 1830 Landuogtiae
1540 1735 1668 1834 Meyer
1697 1741 1798 1834 (ger-

172 1868 283 1935 mano
306 1855 514 1957 Ammoni)
547 1851 753 1928 Feudatarii
780 1852 836 1929 ilii
869 1854 1061 1929 conuocati
1096 1854 1134 1932 dc
1166 1854 1212 1929 ad
1244 1854 1500 1931 monasterium
1530 1855 1694 1945 addudi,
1732 1860 1798 1956 ipio

170 1976 355 2079 praesente
388 1976 639 2072 Junmentum
676 1970 893 2070 praestitere.
970 1972 1109 2050 Contra
1134 1996 1245 2071 quam
1276 1984 1400 2050 tamen
1430 1975 1798 2056 conuocationem&

171 2098 426 2177 addutiionem
456 2118 504 2173 ex
540 2103 642 2193 parte
672 2092 880 2175 Monasterii
911 2082 1053 2191 publice
1085 2099 1123 2177 dt
1160 2080 1294 2171 solenni
1329 2094 1446 2173 forma
1477 2095 1715 2191 protelatum
1743 2100 1796 2174 eli

170 2217 294 2295 Finito
331 2217 403 2292 hoc
440 2216 520 2292 atiu
555 2210 600 2286 D.
634 2211 752 2292 Vice·
766 2213 972 2293 Praesetiua
1007 2237 1092 2293 cum
1127 2214 1314 2293 Ammano
1345 2217 1393 2293 ad
1432 2214 1626 2315 prandium
1655 2217 1796 2298 inuitati

171 2337 271 2423 sunt,
303 2332 363 2410 sed
388 2343 518 2412 neuter
544 2332 748 2429 comparuit
773 2346 841 2411 etc.
890 2368 896 2377 ¹
1010 2326 1017 2355 ⁸
1054 2376 1057 2385 ·

271 2579 327 2635 20,
354 2548 455 2647 Sept.
480 2545 807 2625 Reuerendiilimua
837 2548 1072 2651 proficiscitur
1100 2549 1139 2624 in
1165 2550 1330 2651 Among,
1368 2524 1478 2628 etiam
1508 2549 1650 2630 ibidem
1677 2554 1794 2634 homa·

65 2750 68 2754 .
171 2676 274 2775 glum
301 2695 325 2751 a
349 2665 497 2748 subditis
522 2676 751 2763 excepturus.
1331 2648 1337 2660 “

273 2887 327 2962 15.
348 2861 491 2977 Ostobr.
515 2860 555 2937 P.
588 2857 761 2938 Gerurdus
784 2857 906 2961 Linser
926 2856 966 2939 dc
987 2858 1026 2936 P.
1054 2859 1257 2962 Augustinus
1287 2859 1405 2963 Mugg
1431 2866 1620 2943 redierunt
1645 2892 1694 2946 ex
1720 2871 1793 2947 lisa·

172 2987 323 3088 usenberg
346 2984 385 3061 in
409 2977 544 3080 Tyroli.

269 3205 380 3281 Anno
409 3204 511 3291 ibpp.
538 3219 571 3288 9.
597 3195 698 3272 Febr.
732 3194 770 3268 in
804 3193 891 3269 sella
916 3191 953 3271 S.
980 3194 1118 3272 Altonis
1144 3193 1205 3269 sub
1227 3194 1402 3289 regimine
1425 3196 1481 3272 D:
1499 3201 1702 3283 sebastiani
1729 3209 1791 3285 Ab·

175 3323 269 3425 batis
297 3343 426 3397 omnes
450 3318 528 3394 RR.
553 3316 621 3392 PP.
648 3316 686 3392 dr
710 3313 779 3389 FF.
805 3312 1009 3388 monasterii
1040 3312 1148 3408 hujus
1173 3313 1313 3390 Profelsi
1347 3339 1500 3395 numero
1533 3322 1720 3420 sexaginta
1746 3330 1790 3404 in·

175 3443 278 3522 fimus
308 3438 516 3534 congregati
549 3438 757 3533 praesentes¹
784 3432 949 3517 fuerunt,
990 3435 1027 3511 dr
1051 3432 1096 3508 'in
1123 3432 1326 3510 Refetiorio
1351 3435 1398 3510 ad
1421 3440 1580 3518 mensam
1600 3448 1789 3543 regularem

174 3585 246 3644 vna
269 3558 384 3659 pransi
412 3560 509 3640 sumt.
549 3558 645 3654 quod
679 3556 723 3630 ab
756 3553 897 3648 integro
929 3552 1067 3627 saeculo
1099 3554 1233 3630 sasium
1257 3552 1325 3627 esse
1348 3577 1420 3629 non
1453 3580 1691 3641 memoratur.
1739 3569 1790 3644 Ad

174 3683 319 3762 initium
352 3677 479 3778 prandi
508 3677 591 3751 loco'
613 3675 816 3750 ordinariae
841 3671 1023 3748 Letiionia
1044 3673 1163 3749 breuis
1183 3695 1232 3748 ex
1260 3670 1445 3749 Cathedra
1471 3682 1702 3761 oratiuncula
1724 3712 1788 3781 gra

173 3803 343 3883 tuiatoria
368 3797 461 3875 ditia
489 3795 549 3871 eli.
624 3795 705 3880 Qua
742 3791 846 3867 finita
880 3792 1205 3870 Reuerendilsrmus
1232 3791 1414 3868 Dominus
1435 3795 1560 3875 Abbas
1585 3804 1790 3903 dispensauit

173 3926 212 4023 in
238 3920 376 3997 filentio
401 3917 591 4001 seruando,
630 3916 673 4009 dr¹
694 3911 913 4010 colloquium
936 3911 1088 3988 admisit
1139 3910 1300 4010 Apposui
1324 3911 1406 3989 sunt
1429 3917 1497 3993 cibi
1522 3919 1701 4002 lautiores
1725 3928 1789 4012 sex,

173 4028 372 4138 sinumque
396 4047 537 4134 praeter
560 4031 782 4108 ordinarium
815 4029 1051 4128 praestantius
1087 4031 1254 4110 inlusum.
1327 4029 1390 4107 An
1415 4036 1611 4130 prandium
1636 4043 1707 4119 hoc
1734 4047 1790 4122 ho-

173 4163 303 4277 spitum
329 4160 367 4241 dt
391 4170 597 4239 exterorum
620 4175 731 4228 nemo
752 4151 963 4240 adhibitus,
996 4150 1055 4228 led
1079 4175 1208 4229 omnes
1234 4146 1281 4228 ad
1305 4152 1425 4229 aulam
1450 4157 1579 4236 dimilli
1608 4164 1700 4241 sunt

272 4396 328 4464 πο.
344 4374 443 4473 May
468 4339 545 4446 Fer.
572 4377 606 4447 ὁ.
632 4367 708 4466 post
731 4367 969 4449 ascensionem
995 4366 1143 4444 Domini
1168 4310 1236 4444 us
1261 4367 1487 4465 Sanguinem
1510 4322 1647 4456 Christi
1671 4383 1790 4459 Serua-

61 4575 65 4581 .
172 4498 263 4578 toris
279 4497 323 4572 in
351 4516 471 4567 annua
495 4489 725 4567 Procelhone.
747 4486 911 4565 comitati
944 4486 1025 4563 sunt
1056 4488 1198 4587 equites
1225 4504 1327 4575 1180.
1358 4513 1450 4587 quos
1482 4491 1580 4605 inter
1610 4504 1789 4599 primasius

173 4621 243 4699 fuit
268 4610 598 4695 Reuerendiffimua
619 4608 798 4725 Domimia
826 4606 1073 4709 Ciristopdorus
1098 4608 1221 4693 Abba·
1236 4608 1380 4706 Augiae
1403 4611 1595 4695 candidae.

889 4792 897 4801 ·
922 4792 927 4802 ·
1098 4786 1100 4791 ·
1719 4741 1788 4818 Hoc
