3736 5160
652 222 1072 332 scomma
1593 254 1671 333 22⁵
1800 266 1803 271 ·

80 378 288 491 luataiem
315 411 464 489 Domini
491 412 638 490 reiiciter
658 415 915 525 'conficientun
989 418 1142 495 tenura
1170 437 1277 513 porro
1306 413 1524 514 Orripontiirn
1553 437 1669 515 rsque

80 532 175 613 iberi
197 531 330 630 potest,
360 534 758 622 demandaturum,
789 535 848 611 eui
868 534 974 611 isthic
999 537 1127 610 eiiarta
1151 536 1397 633 commendari
1423 535 1564 610 debeat.

145 766 311 864 Religioli
343 767 396 844 illi
426 771 499 846 duo
520 796 574 847 ex
611 770 827 847 Monasterio
865 773 996 849 Montis
1038 769 1074 847 S.
1114 771 1254 868 Georgii
1282 770 1349 868 qui
1376 771 1569 848 nobiscum
1606 771 1670 848 de·

80 902 160 977 siit,
205 892 297 965 bene
324 887 478 975 liabent,
523 890 674 986 suntque
703 892 918 968 traitabiles,
983 889 1023 963 ln
1062 890 1185 965 studiis
1226 912 1371 986 quoque
1409 892 1488 964 sarit
1523 891 1671 985 quidem

80 1008 264 1102 uigentes,
318 1005 379 1081 sed
411 1009 562 1103 nogioni
594 1008 777 1094 videntur,
822 1033 908 1084 enni
933 1008 1110 1107 protessus
1142 1019 1266 1083 tantae
1293 1006 1403 1081 aetati
1425 1032 1498 1083 non
1528 1011 1671 1105 respon·

80 1139 146 1202 eat.
196 1125 410 1221 Expediet,
453 1124 665 1201 siabsoiuta
691 1126 751 1202 hic
775 1130 919 1221 regulae
943 1127 1182 1222 explicatione
1213 1128 1252 1203 ir
1275 1125 1375 1210 aliis,
1411 1150 1505 1224 quae
1531 1129 1576 1201 ad
1604 1125 1671 1200 Di·
1832 1122 1839 1128 '

80 1245 234 1342 iplinani
261 1243 465 1339 pertinent,
504 1246 684 1343 Dilirigorir
711 1245 958 1333 mitterentur,
1005 1245 1064 1320 rbi
1087 1244 1193 1320 viiiiis
1219 1244 1276 1320 rei
1303 1245 1452 1319 alterius
1481 1245 1567 1320 anni
1596 1243 1671 1340 sps·

82 1389 106 1437 o
144 1361 338 1438 minimum
365 1385 529 1459 eousque
560 1365 857 1459 progrederentur
882 1377 922 1441 vt
948 1363 1052 1439 dorni
1075 1365 1197 1459 postea
1221 1363 1361 1457 sessulae
1388 1388 1512 1440 curaui
1532 1363 1671 1440 habere

80 1483 190 1557 issent
218 1493 288 1555 ete
337 1481 487 1556 Transiit
521 1480 591 1554 hac
616 1506 689 1556 non
718 1482 770 1556 ita
792 1482 931 1579 pridem
957 1484 1121 1579 ejusdem
1150 1482 1281 1557 itiones
1310 1481 1347 1558 S.
1379 1483 1518 1581 Georgii
1541 1483 1670 1558 Moira·

80 1624 161 1688 iris,
198 1623 249 1673 ex
280 1622 353 1697 quo
383 1598 652 1687 intelleximus,
698 1599 797 1675 illuni
826 1603 949 1678 locuni
982 1613 1178 1696 utcumque
1216 1602 1398 1675 abundare
1431 1601 1538 1679 saeris
1571 1600 1671 1676 Reii·

80 1720 164 1815 iiis:
212 1742 286 1816 quo
314 1719 475 1803 sermone
509 1717 699 1793 exhilarati
727 1718 823 1819 sperri
853 1718 972 1794 statim
1007 1719 1261 1815 concepimus,
1307 1718 1471 1794 obtinere
1505 1743 1577 1795 uos
1606 1719 1671 1795 ali-

80 1840 137 1917 uid
160 1838 275 1935 polle,
309 1835 372 1933 qui
400 1835 532 1932 alioqui
560 1837 601 1910 iii
628 1837 700 1911 liae
730 1838 826 1913 saera
856 1837 1067 1934 supet—letitie
1091 1837 1179 1912 satie
1202 1836 1322 1912 sumus
1348 1860 1531 1936 pauperes.
1593 1839 1671 1916 Sed

80 1960 201 2055 egauit
224 1955 301 2033 siue
328 1938 423 2031 lllmi
449 1980 491 2031 ac
516 1955 602 2031 Rini
627 1954 700 2029 Dni
719 1954 904 2031 ordinarii
923 1956 1072 2031 lieentia
1096 1954 1231 2053 aliquid
1254 1956 1365 2051 posse,
1391 1981 1499 2053 quani
1525 1956 1552 2033 si
1577 1958 1671 2035 obti-

80 2097 239 2164 eremus.
287 2074 322 2151 se
358 2099 432 2151 nori
468 2074 655 2161 dubitare,
692 2075 779 2172 quin
813 2077 917 2151 tinus
955 2074 1038 2149 niis
1063 2074 1190 2149 Abbas
1224 2088 1371 2171 paratus
1398 2076 1488 2153 -elset
1511 2078 1668 2154 siiturus.

80 2193 359 2291 tuandoquidem
393 2192 517 2271 sumus
550 2193 717 2287 ejusdem
754 2217 838 2270 cuin
882 2193 943 2267 iilo
967 2192 1186 2268 Monallerio
1227 2192 1411 2288 religionis
1446 2195 1573 2273 fratres
1607 2196 1668 2276 sub

80 2312 246 2389 ndens.
267 2312 465 2390 aenedino
487 2315 612 2396 Patre,
645 2336 717 2387 nuri
741 2311 849 2387 video
874 2313 964 2410 quid
985 2298 1124 2396 obstet}
1148 2313 1368 2409 quominus
1393 2313 1487 2391 haee
1509 2315 1672 2412 spiritua·

80 2454 109 2505 a.
126 2432 220 2507 bona
242 2454 316 2506 uon
343 2431 455 2507 etiam
478 2432 606 2528 possint
633 2432 733 2508 inter
763 2455 832 2507 nos
846 2430 930 2507 else
951 2433 1181 2509 eommunia
1254 2432 1377 2516 Quare
1400 2433 1537 2509 obnixe
1561 2458 1671 2530 rogo.

80 2568 89 2627 τ
116 2549 217 2651 hanc
249 2572 274 2623 a
298 2547 517 2625 celsitudine
540 2552 602 2627 sna
629 2550 733 2627 nobis
758 2552 925 2646 petat-di
958 2550 1128 2648 impetret
1149 2552 1353 2628 Licentiam
1381 2554 1549 2649 exemplo
1572 2554 1672 2629 Rini.

83 2668 135 2743 ni.
171 2666 254 2765 Epi.
288 2666 452 2768 Cirrierisrr
483 2669 701 2749 oratiorum
726 2682 930 2765 praeterea,
970 2695 996 2746 a
1025 2672 1156 2768 quibus
1183 2669 1333 2745 similem
1360 2671 1565 2766 accepimus
1594 2696 1674 2767 gra·

80 2810 143 2863 ain
168 2786 396 2887 spiritualem.
448 2787 585 2861 Debito
606 2788 765 2874 honore,
795 2786 969 2885 quidquid
997 2788 1203 2863 ooiioelsiun
1237 2790 1275 2864 di
1303 2790 1431 2864 datam
1456 2789 1584 2874 fuerit,
1610 2791 1674 2865 de·

80 2904 276 2993 iratiores,
318 2916 425 3002 prout
450 2906 624 2981 illorioclii'i'
655 2908 729 2999 jani
760 2906 900 2981 desatlo
924 2908 1054 3002 aliquot
1079 2905 1288 3001 Reliquum
1306 2907 1389 3004 ficri
1411 2931 1580 2995 citrunius,
1614 2909 1675 2985 sed

80 3024 176 3099 erici
201 3024 353 3099 omnlno
381 3037 589 3122 nequeunti
631 3025 730 3122 quod
757 3025 880 3099 adhuc
909 3026 1153 3103 desiderentur
1188 3022 1325 3119 aliquot
1364 3024 1552 3124 reliquiae,
1606 3049 1675 3103 nee

80 3143 208 3241 nptias
236 3140 471 3245 Seranifflrriinri
495 3143 623 3219 Dircam
658 3141 866 3219 Gnilirsmurr
893 3143 1110 3241 compellare
1140 3142 1336 3227 audemus,
1373 3165 1461 3219 eum
1493 3146 1675 3221 sumsere-

80 3264 151 3337 ltas
175 3260 212 3333 in
236 3262 395 3357 quodam
419 3261 623 3358 Rali‘qiir'nrr'o
648 3275 748 3339 uiiiea
777 3263 895 3339 ibidem
913 3263 1025 3361 saiso,
1062 3274 1101 3338 vt
1117 3260 1161 3337 di
1180 3258 1290 3345 alias,
1327 3260 1511 3339 liberalem
1539 3264 1573 3340 se
1601 3265 1675 3341 val·

80 3405 95 3456 e
133 3378 352 3454 exhibuerit.
400 3381 507 3454 urna.
536 3381 579 3454 D.
604 3382 644 3458 V.
670 3379 714 3464 ii,
739 3394 779 3457 rt
808 3383 922 3478 spero,
962 3381 1085 3455 literas
1109 3379 1157 3453 ad
1186 3379 1262 3474 jain
1285 3379 1426 3457 ditium
1446 3380 1574 3457 Duum
1600 3384 1676 3459 Ab·

80 3510 176 3601 item
186 3495 341 3595 praefati
370 3497 577 3573 Monasterii
596 3524 621 3572 a
645 3500 705 3575 sia
722 3499 943 3575 Celfitudirie
959 3497 1177 3585 obtinuerit,
1197 3522 1263 3572 eas
1278 3498 1351 3573 linc
1371 3521 1434 3596 per
1448 3500 1675 3580 occasionem

80 3620 201 3695 iittere
232 3615 384 3713 poterit,
429 3641 520 3713 quas
553 3618 686 3693 deinde
719 3640 782 3714 per
822 3617 1005 3714 proprium
1040 3616 1229 3715 hominem
1263 3616 1481 3711 praesentari
1520 3622 1675 3711 curabo,

80 3764 88 3814 :
118 3762 166 3811 eo
193 3735 349 3810 securius
373 3737 411 3812 dr
435 3735 563 3829 majori
593 3759 678 3811 curn
707 3734 925 3809 Reuerentia
951 3734 1124 3833 reliquiae
1155 3736 1200 3811 ad
1230 3758 1299 3808 nos
1320 3736 1552 3835 perferantur.
1603 3741 1676 3815 Be·
1785 3834 1788 3839 Ι

80 3855 227 3933 elicium
253 3854 325 3927 hoc
347 3869 495 3928 aeterna
522 3855 696 3929 meinoria
732 3853 1032 3950 praedicabimus.
1106 3853 1236 3932 Valeat
1274 3852 1309 3926 in
1342 3852 1481 3929 Christo
1512 3857 1671 3937 feliciter.
1749 3848 1752 3853 ⁵

81 4000 110 4051 x
135 3972 289 4051 Monast.
315 3971 549 4069 Weliigarten
576 3997 631 4050 12.
657 3972 755 4059 atris
780 3995 880 4049 anno
906 3996 940 4068 9.
993 3973 1040 4050 R
1065 3972 1112 4049 D.
1141 3975 1183 4052 V.
1204 3970 1470 4051 studiosissimus
1500 3974 1542 4051 in
1565 3977 1676 4054 olioro

80 4151 91 4176 .
117 4091 301 4188 Georgius
325 4092 459 4169 Abbas.

148 4328 402 4425 Responsorias
425 4350 447 4403 a
471 4326 673 4427 Praepollto
699 4268 899 4406 cadiedrali
925 4266 1067 4427 aocepit
1088 4326 1125 4403 iii
1150 4326 1246 4423 hanc
1272 4266 1484 4407 sententiam
1511 4326 1675 4426 scriptas:

80 4447 359 4529 euerendiffime
385 4446 567 4533 Domine,
597 4449 757 4527 Domine
781 4448 1236 4549 plurimumlobservande.
1280 4447 1432 4550 §eaput
1454 4446 1589 4547 iliensis
1614 4474 1677 4525 voe

80 4569 186 4659 iitiir,
204 4592 258 4647 ex
277 4591 351 4669 quo
371 4566 512 4644 litierae
534 4566 1151 4669 Reuerendiffimaeliominatioais
1180 4569 1314 4669 vestrae
1341 4565 1496 4666 acoepi:
1532 4589 1677 4665 necque

1563 4706 1679 4784 peaes
