3736 5160
351 354 354 358 Α
678 232 1098 325 *omme
1511 356 1514 361 Ι
1617 234 1701 327 'sa
1820 207 1826 213 ’

69 408 254 487 museto]
284 418 355 484 etc
434 406 571 486 Datum
594 410 768 485 Laterani
801 432 864 508 per
895 432 1045 487 manum
1079 407 1230 486 Gerardi
1248 397 1312 485 'S
1344 405 1510 486 Romane
1540 358 1708 489 Ecclelie'

65 530 196 607 Presb.
232 527 416 603 Cardinal.
462 551 505 604 ac
542 527 813 606 Bibliothecnrii
846 532 887 607 V·
938 530 1024 606 Idus
1070 528 1185 628 April.
1224 527 1484 607 iucarnationis
1528 529 1695 607 Domini·

64 672 111 727 ce
134 645 452 843 miifliifflm
474 647 600 728 India.
619 648 676 728 VI
739 648 977 728 Pontificatus
1004 670 1091 731 vero
1118 647 1268 728 Domini
1297 649 1502 729 innocentii
1536 674 1592 727 11.
1624 652 1693 729 PP.

20 784 29 795 '
62 782 167 845 anno
288 817 300 839 ο
394 820 398 825 -
622 780 632 799 ‘

64 1036 68 1043 ,
162 984 197 1041 a.
220 960 267 1035 R.
292 957 331 1035 Ρ.
356 955 555 1035 Bucelinua
584 957 683 1035 hunc
718 957 952 1037 Gebhardum
980 955 1173 1037 illustribus
1199 958 1246 1034 de
1272 956 1424 1035 Thanne
1457 959 1495 1036 dr
1518 958 1695 1060 Walpurg

60 1082 242 1159 accenset.
292 1077 431 1156 Vereor
449 1088 490 1158 at
508 1076 625 1156 reste!
651 1100 764 1175 quum
787 1080 887 1156 enim
913 1077 1076 1174 catalogi
1100 1079 1260 1181 Scriptor
1283 1081 1411 1153 duorum
1439 1081 1621 1187 duntaxat
1643 1106 1691 1159 ex

56 1200 135 1275 lrac
159 1196 316 1275 Familia
337 1195 400 1272 sub
425 1193 563 1272 chunone
593 1197 828 1276 militantium
851 1197 1078 1286 meminerit,
1100 1223 1192 1298 quos
1218 1200 1256 1276 dr
1278 1198 1487 1273 nominibus
1508 1223 1690 1299 quemque
1831 1255 1835 1262 ,

55 1318 132 1395 suis
150 1315 371 1415 adpellauit‚
399 1311 566 1391 chunonem
596 1339 728 1415 nempe
754 1320 794 1397 dr
828 1319 1028 1405 Heimtcum,
1066 1341 1137 1416 quo
1158 1331 1283 1395 tumen
1307 1327 1472 1416 tempore
1495 1318 1607 1396 etiam
1628 1318 1692 1395 In'c

62 1434 253 1514 Ouinius
282 1434 474 1511 illonachis
508 1436 637 1512 nostris
665 1436 739 1533 jam
766 1435 957 1535 adjuntlus
983 1437 1052 1513 elle
1072 1436 1233 1522 videtur,
1266 1460 1342 1512 non
1370 1434 1512 1533 filuill'et
1543 1460 1689 1537 quoque

59 1555 166 1652 hujus
191 1578 334 1650 geom,
358 1551 384 1630 st
405 1557 571 1651 ejusdem
600 1578 684 1631 cum
706 1555 886 1632 Chunone
909 1556 1053 1633 Abbate
1079 1540 1206 1634 fuilIet.
1257 1554 1467 1632 Ridiculum
1491 1555 1559 1643 est,
1587 1556 1688 1656 quod

62 1676 101 1751 P.
121 1675 327 1753 Bucelinua
360 1680 487 1750 Comitis
512 1675 624 1776 etlam
646 1672 805 1770 elogimn
825 1675 861 1751 ei
883 1675 1057 1751 tribuerit.
1108 1675 1211 1753 Fecit
1236 1685 1359 1753 autem
1381 1674 1421 1751 id
1441 1673 1481 1750 in
1506 1672 1686 1773 plerisque

58 1796 166 1873 etiam
189 1794 297 1880 aliia,
320 1816 474 1894 quorum
495 1795 532 1871 ὅ(
555 1794 654 1871 lcutu
673 1794 869 1890 gentilitia,
902 1792 1010 1892 ipsrus
1034 1795 1128 1873 adeo
1152 1793 1191 1873 S.
1217 1794 1365 1873 Altonia
1385 1792 1519 1870 affabre
1544 1793 1683 1901 pinxit,

53 1918 137 1993 vius
157 1916 281 1993 nescio
305 1937 379 2013 quo
402 1913 525 2012 spititu
539 1912 724 2001 familiari,
749 1939 819 2015 quo
839 1926 965 1992 autem
986 1914 1111 1992 adflari
1135 1936 1203 2010 ego
1230 1914 1356 1991 nolirn.
1406 1913 1507 1991 Obiit
1520 1912 1683 1995 Gebhar-

52 2038 126 2115 dus
149 2036 278 2115 anuas
298 2032 417 2109 noster
441 2058 500 2130 30.
521 2034 681 2134 Januarii
706 2053 736 2111 c.
766 2060 798 2112 a.
821 2054 927 2130 1149.

164 2246 201 2317 3.
221 2224 325 2305 viros
338 2186 488 2305 Nobiles
511 2229 685 2304 adnotare
704 2225 824 2326 placet
847 2226 942 2302 circa
965 2221 1076 2321 lrujua
1103 2222 1279 2310 Abbatis,
1317 2234 1359 2303 vt
1387 2224 1548 2314 videtur,
1585 2236 1679 2305 tem·

63 2365 151 2440 pora
180 2344 418 2424 obcurrenteu
477 2349 647 2425 Heinricur
670 2351 707 2424 de
734 2347 897 2449 Wulparr,
927 2340 1103 2422 Wauterus
1119 2349 1156 2422 de
1182 2346 1336 2446 Wilpm
1387 2347 1546 2424 Corradus
1567 2348 1604 2424 dt
1619 2348 1681 2427 Bi·

58 2476 205 2563 mooe.
255 2463 444 2545 erlnms
471 2467 657 2567 Morscolus.
1680 2492 1683 2497 ’

347 2678 868 2774 BVRCHmRDVS
924 2684 1165 2769 ABBAS
1225 2683 1380 2770 VIII.

10 2912 18 2923 .
145 2866 177 2920 1.
203 2840 357 2921 Variam
392 2844 602 2942 scriptorum
634 2843 764 2919 sortem
794 2851 965 2937 expertus
993 2839 1045 2918 est
1075 2840 1136 2917 hic
1166 2842 1290 2918 Aonas
1319 2840 1447 2919 noller.
1508 2838 1674 2939 Catalogi

10 2980 15 2991 ’
74 2970 191 3039 nterea
208 2960 311 3039 Eum
333 2960 434 3039 seriei
453 2965 636 3067 Abbatum
660 2986 735 3037 non
774 2960 1003 3037 Inserendum
1029 2960 1168 3058 prorsus
1197 2961 1354 3037 ducunt:
1405 2960 1601 3038 Bruschius
1625 2962 1673 3041 ad

76 3078 296 3159 metaturam
324 3083 472 3181 quidem
499 3080 630 3161 venide
660 3081 777 3164 Eum,
816 3079 877 3155 led
906 3102 994 3157 mox
1025 3080 1197 3174 rejeltum
1221 3079 1384 3157 somniat
1450 3080 1673 3160 Trithemius
1713 3152 1716 3161 .

78 3218 132 3296 pap
156 3227 233 3303 ¹⁰4
258 3202 369 3280 docet
396 3198 606 3279 llurclmrdwn
631 3205 672 3275 od
699 3203 936 3303 Monojlerr‘um,
972 3202 1049 3296 quod
1069 3202 1183 3275 docitur
1213 3198 1328 3287 Virro,
1367 3209 1538 3297 memorio
1565 3200 1674 3280 Win-

34 3320 40 3329 '
76 3333 158 3411 gmon
172 3323 325 3398 Allotm
344 3327 452 3399 dolum
466 3320 561 3423 furffe
585 3334 714 3417 temporo
740 3320 917 3413 Monegoldi
935 3316 1081 3393 Auratis.
1131 3318 1244 3417 Atqui
1263 3341 1312 3391 ex
1328 3319 1470 3396 Eodem
1490 3344 1566 3418 pag.
1589 3314 1669 3422 i84.

22 3518 25 3523 .
74 3434 133 3516 lin.
175 3442 303 3521 ultima
348 3441 554 3538 Mmegnldus
602 3438 819 3533 HIrsangiae
856 3436 981 3514 Abbas
1023 3435 1237 3512 constitutur
1288 3437 1339 3513 est
1375 3438 1534 3533 primum
1571 3464 1668 3517 anno
1767 3464 1772 3483 ·

15 3646 19 3651 ,
75 3579 156 3660 1151.
185 3558 277 3641 VIII.
305 3561 458 3639 Kalend.
485 3558 598 3660 April.
635 3554 807 3642 Accedit,
848 3558 947 3655 quod
977 3552 1129 3655 Succeffor
1157 3551 1319 3632 Baobmdr'
1351 3556 1556 3635 Dirtimorus
1579 3569 1667 3655 ptus·

22 3692 25 3697 '
70 3698 138 3773 prou
155 3682 266 3758 XXX
288 3678 709 3781 mmosproefioffinototar
732 3681 931 3769 acerragio
958 3675 1088 3770 oqlrr'r:
1124 3675 1276 3756 Certum
1305 3699 1410 3776 porro
1440 3678 1509 3766 est,
1553 3680 1665 3758 Wern·

10 3790 721 3902 ¹·ironiampraefuilsertnno1132.
784 3792 837 3874 Vt
860 3793 949 3870 nihil
973 3793 1484 3894 unamquamquam,
1517 3801 1664 3898 quima-
1756 3894 1760 3901 ,
1814 3848 1818 3855 ·

10 3928 21 4049 f
67 3918 117 3994 liu
133 3920 335 3999 etiamnum
360 3916 576 3997 Dutlmmum
599 3916 712 4002 inter,
736 3916 775 3993 dt
801 3907 1001 3989 Wernlreram
1023 3914 1177 4013 ponitur.
1228 3918 1334 4002 Quod
1357 3917 1381 3992 fl
1407 3918 1482 4016 jam
1514 3944 1662 4019 compu-

66 4046 124 4118 um
145 4042 277 4128 inem,
290 4040 447 4124 videbis.
481 4049 522 4117 vt
542 4034 717 4131 Catnlogo
738 4034 830 4110 fides
853 4033 1007 4122 constet,
1038 4030 1289 4112 Burchardum
1311 4060 1340 4112 c
1363 4060 1394 4113 a
1417 4060 1521 4135 1147·
1556 4037 1661 4117 Prae·

62 4153 195 4239 Momm
216 4161 316 4238 adire
330 4157 505 4247 debuilIe,
534 4168 642 4255 atque
666 4178 737 4232 vno
763 4154 826 4231 vix
845 4177 941 4231 anno
963 4172 1046 4231 eam
1068 4150 1225 4231 retinere
1245 4154 1403 4252 potuiffe.
1458 4148 1503 4235 R.
1529 4158 1566 4262 P,
1580 4159 1659 4238 ¹Bn-

61 4280 198 4370 ctlinuo,
242 4281 340 4380 quod
360 4281 438 4376 jure
461 4275 622 4364 mireris,
666 4273 753 4351 licet
782 4274 872 4351 alias
896 4274 1128 4373 intercapedo
1161 4275 1335 4377 temporis
1365 4275 1424 4352 his
1454 4278 1658 4358 Abbatibus

60 4400 221 4495 angustior
241 4399 335 4495 jullo
362 4398 421 4491 llt,
462 4398 582 4476 adhuc
607 4393 781 4475 Amanum
805 4396 871 4495 poll
901 4390 1115 4471 medardum
1145 4396 1319 4484 collocat,
1366 4420 1524 4496 eumque
1560 4423 1657 4476 anno

60 4519 158 4597 rdlrnc
197 4512 380 4617 11670'in
406 4516 616 4598 praelatura
642 4512 765 4597 vluiffe
792 4512 923 4597 scribit.
998 4509 1098 4609 Quid
1129 4536 1216 4614 ergo
1247 4516 1287 4596 in
1316 4516 1433 4615 cauda
1464 4530 1540 4598 tam
1578 4542 1658 4618 per·
1713 4536 1716 4541 ·
1768 4573 1774 4587 .

885 4724 969 4827 ⁶3
1514 4732 1656 4819 Trithe·
