3736 5160
120 261 194 347 3¹4
434 292 437 297 ·
727 246 1147 339 σσθξβθθσ*
1294 318 1297 323 .

121 434 194 508 dex
215 425 444 527 prouincialis
470 424 700 522 aduenerat)
744 424 786 500 D.
814 424 1000 500 Comitisla
1029 428 1069 500 dr
1091 426 1283 528 Altenburg
1316 425 1458 531 (quam
1480 433 1647 514 Viennae
1666 460 1735 538 qm.

119 549 326 630 mouendae
354 546 435 621 suae
458 545 597 622 caussae
623 543 741 643 gratia
764 558 803 622 vt
823 544 937 620 sertur
965 545 1098 638 duxit)
1121 548 1284 623 aduenit.

219 789 252 861 3.
279 759 403 840 narsi
427 760 609 848 aduenere
639 758 685 836 n.
716 758 909 857 Landvogt
934 759 971 835 n
994 755 1039 834 n.
1063 758 1160 836 saro
1188 760 1228 837 a
1245 759 1338 842 tam.
1475 718 1477 722 ’

218 999 253 1077 5.
279 979 388 1056 Mart
413 973 552 1053 Milites
577 973 686 1055 nostri
711 972 877 1052 abierunt
907 972 945 1049 iu
975 971 1075 1052 Keil.

216 1216 273 1292 24.
303 1192 409 1267 Mart
436 1188 516 1265 oua
538 1192 597 1268 seu
624 1188 797 1288 reliquiae
831 1187 942 1266 Ducis
972 1187 1227 1286 Lotharingiae
1252 1190 1371 1269 Caroli
1383 1248 1393 1282 ‚
1428 1192 1661 1295 imperatoris
1692 1196 1737 1271 so·

119 1311 224 1399 roni,
257 1332 353 1385 anuo
380 1318 482 1398 rouo.
520 1306 635 1410 Wolfii
663 1299 824 1385 defun‘ffl
850 1309 1055 1409 Oeuiponto
1088 1312 1362 1407 lutharingiam
1397 1312 1632 1413 asportandae
1665 1316 1735 1391 scri·

119 1430 307 1508 bebantur.
356 1418 475 1512 Quare
503 1425 699 1525 Episcopus
717 1425 998 1504 Constantienfis
1019 1428 1133 1521 jussit,
1169 1443 1209 1507 vt
1225 1431 1260 1506 io
1289 1433 1469 1531 parochiis
1492 1432 1575 1510 suae
1596 1433 1735 1512 Dioece

119 1548 182 1640 lis,
219 1572 282 1649 per
306 1570 541 1646 quascunque
565 1545 845 1634 transserentun
883 1547 1136 1644 exciperentur
1160 1571 1293 1649 pompa
1316 1551 1476 1637 funebri.
1517 1555 1620 1651 pulsu
1649 1578 1732 1633 cam·

116 1690 313 1774 panarum.
350 1666 566 1766 prooeslroue
591 1677 660 1741 etc.
738 1665 814 1741 Sed
846 1666 1062 1744 nunciatum
1094 1666 1146 1745 est
1182 1667 1410 1770 campidona
1441 1696 1516 1750 non
1549 1673 1642 1763 hac,
1686 1676 1735 1752 sed

118 1814 182 1893 per
205 1786 491 1885 Memmingam
529 1784 675 1866 Vlmam
697 1792 768 1860 etc
794 1784 1055 1863 transferenda.

217 2035 273 2104 no
298 2027 395 2124 lllay.
421 2021 750 2101 Reuereodislimus
775 2020 892 2100 noller
917 2046 964 2098 ex
988 2022 1184 2102 Zwifalten
1214 2026 1329 2103 redux
1355 2048 1425 2103 ceu
1449 2018 1587 2106 electus
1611 2028 1734 2131 Praese

1 2180 2 2188 ‘
120 2145 422 2253 congregationis
440 2142 629 2223 Sueuicae.

218 2358 387 2461 aJurii
426 2362 525 2439 linae
546 2361 712 2440 Vilitatio
733 2360 877 2449 habita,
912 2384 983 2460 quo
1012 2359 1051 2438 dr
1084 2360 1411 2437 Reuerendiffimus
1447 2360 1733 2440 ochsenhusauus

5 2484 17 2493 ’
120 2482 235 2565 veuit.
285 2481 325 2557 In
355 2481 515 2557 Priorem
544 2483 654 2556 dutus
680 2480 719 2558 dr
745 2480 818 2554 illic
843 2479 986 2559 relisius
1002 2479 1053 2555 est
1071 2482 1190 2557 noster
1212 2482 1251 2556 P.
1275 2478 1504 2581 Wlsguugus
1522 2481 1688 2564 thrcder.

182 2738 186 2745 ·
216 2718 252 2795 7.
277 2693 359 2795 Jun.
385 2692 524 2772 Milites
550 2690 658 2770 nostri
684 2715 732 2771 ex
754 2690 841 2769 stell
860 2692 1013 2769 rediere.
1114 2740 1120 2753 .-
1181 2716 1187 2723 ·

221 2958 252 3009 1.
286 2932 387 3030 Sept
414 2931 546 3009 Adfuit
578 2928 685 3005 RP.
717 2929 819 3006 Prior
850 2929 932 3008 eS.
962 2928 1081 3007 Blasio
1111 2927 1319 3030 Hercyniae
1341 2955 1424 3011 cum
1467 2932 1513 3010 D.
1544 2935 1729 3013 Secretuio

119 3052 273 3131 Schmid
299 3050 604 3129 Reuerendilsrmo
627 3049 747 3124 noliro
771 3053 869 3125 notis
897 3074 944 3124 ex
961 3050 1150 3145 salzburg,
1185 3053 1392 3152 Oeniponto
1413 3056 1609 3130 reluces
1598 3078 1635 3131 ru
1661 3081 1727 3131 cou-

119 3140 291 3250 trouersm
327 3183 453 3247 contra
483 3170 690 3247 Austriacos
726 3169 926 3254 Minimus,
972 3171 1033 3267 qui
1066 3168 1161 3267 quast
1187 3169 1274 3267 jure
1308 3173 1471 3249 Domiuii
1506 3174 1727 3252 lerritorialis

119 3292 375 3392 pmhibebant‚
403 3313 449 3364 ne
470 3289 680 3383 homagium
703 3287 833 3364 subditi
855 3288 1165 3365 Reuerendissrmo
1186 3291 1441 3388 praestarent
1429 3312 1469 3368 tn
1488 3295 1617 3372 sirmis
1636 3298 1726 3374 Bou·

120 3413 335 3510 ludisque.
372 3406 549 3485 sententia
570 3408 644 3483 latu
672 3429 736 3504 pro
756 3405 899 3485 Abbate
924 3406 985 3483 seu
1009 3406 1242 3486 Monasteriu.

222 3671 280 3741 ¹3·
308 3646 408 3743 Sept.
442 3645 569 3720 Nouus
607 3645 686 3720 Rex
723 3645 878 3720 Prussrae
908 3657 1051 3722 creatus
1087 3648 1132 3722 ab
1160 3648 1377 3746 Imperatore
1415 3651 1557 3729 Elesior
1581 3651 1727 3729 ‘Manlio

122 3764 447 3864 Brundendurginrs.
497 3764 569 3865 Qui
597 3763 882 3862 sequentianno
913 3779 965 3849 18.
991 3766 1071 3864 Jan.
1099 3770 1345 3844 coronationis
1373 3771 1628 3851 solennitatem
1653 3772 1726 3846 cele

121 3890 241 3965 brauit
259 3883 326 3986 fidi
355 3886 421 3984 ipse
447 3902 617 3959 coronam
645 3885 848 3981 imponens.
899 3883 929 3958 s
931 3885 985 3960 uit
1009 3886 1090 3960 Rex
1116 3888 1261 3981 agnitus
1291 3912 1314 3964 a
1341 3889 1558 3994 plerisque„
1593 3908 1728 3988 excepto

121 4010 220 4103 Rege
245 4004 402 4087 Galliae,
442 4002 656 4101 protestante
680 4001 845 4100 inprimis
871 4005 999 4079 ordine
1022 4004 1234 4082 Teutonico.
1290 4010 1498 4086 utcontra
1522 4011 1729 4087 nonumEle·

121 4130 256 4207 Rnrem
294 4126 433 4201 Ducem
469 4123 759 4201 Haranoaeruuum.
782 4122 1042 4205 Acathnlicum
1079 4125 1200 4203 adhuc
1234 4125 1345 4229 aliqui
1380 4129 1564 4229 principes
1604 4127 1728 4229 imperii

119 4245 411 4347 protestabantur.

219 4508 277 4581 24
301 4480 502 4577 Ratispoua
526 4476 700 4565 relatum,
731 4480 830 4577 quod
854 4476 1039 4577 Principes
1070 4480 1213 4582 Imperii
1243 4483 1383 4581 Regem
1413 4484 1551 4567 Galliae
1581 4514 1644 4589 pro
1670 4491 1723 4564 Ge

111 4603 242 4683 rantis
261 4612 390 4681 contra
411 4621 552 4679 nonum
568 4596 775 4689 ,Elettorem
799 4596 1033 4699 requisierint.

1629 4750 1677 4821 25.
1692 4723 1719 4797 ln
