3736 5160
274 208 322 303 56
877 217 1296 311 ammos
1479 156 1511 167 Ἰ

273 399 349 478 tre,
375 410 507 487 nempe
525 389 622 490 quod
650 389 769 490 postea
796 413 892 471 anno
918 412 1023 480 1182.
1046 397 1253 473 dedicatum
1274 394 1335 473 eli.
1398 394 1567 497 Hrirsicur
1596 393 1700 491 lliger
1731 394 1867 475 DurB

144 522 149 541 ’
271 518 500 587 subsanno
525 535 629 611 1124
660 535 796 589 nouam
821 514 1029 592 Monasterii
1051 517 1257 595 mortuam
1288 516 1489 615 inceperat,
1513 515 1538 591 fi
1566 516 1763 614 perfeetum
1788 519 1863 593 etia

270 629 469 708 aPosteris
490 631 561 707 suit
581 631 805 721 aedilicium,
846 634 903 714 vel
931 659 953 713 a
981 638 1152 724 Fridrrr'rr,
1192 638 1255 736 qui
1290 635 1399 732 vulgo
1425 638 1524 711 Cocles
1551 635 1703 721 dicitur.

219 806 224 829 ,
270 748 370 827 Fibra
392 750 536 826 Heinrirr'
561 751 662 847 Nigri
696 750 836 841 Marito,
876 779 990 855 quum
1016 756 1190 853 injuriam
1215 755 1277 835 abi
1309 757 1353 833 ab
1384 755 1534 831 Heinrico
1565 758 1700 853 Superbo
1722 755 1867 850 Zwr'fuld

271 867 424 947 inlatam
452 870 701 957 ulcisceretur,
725 875 901 953 damnum
930 876 1066 977 passum
1090 875 1160 962 eii.
1195 876 1254 957 vel
1274 876 1417 952 Incursu
1436 874 1692 962 Boemiorum,
1732 897 1811 973 quo
1849 887 1866 940 ο

271 992 403 1090 eusimio
422 997 456 1064 ia
483 988 550 1083 iliis
574 992 725 1069 Partibus
752 994 844 1088 sosia
875 1001 913 1098 ess
941 1020 1040 1074 anno
1075 1001 1178 1075 nm.
1207 994 1265 1075 vel
1288 996 1438 1071 demum
1471 993 1510 1069 in
1539 992 1601 1069 iila
1626 991 1715 1089 fuga
1735 996 1832 1091 miser
1859 1034 1861 1049 ν

270 1109 316 1197 ὅ
338 1108 540 1203 subsidione
567 1120 601 1187 ia
627 1113 747 1189 Diebus
777 1114 985 1211 Rogotbruon
1011 1116 1102 1194 seria
1123 1116 1196 1192 llll.
1218 1136 1331 1216 quum
1353 1113 1392 1191 in
1413 1111 1541 1189 butan
1562 1116 1602 1187 ab
1624 1111 1814 1211 Imperatore
1842 1154 1862 1176 ι

271 1235 335 1305 rati
359 1223 422 1303 bair
450 1229 615 1323 trmfirent
645 1256 713 1308 cren
739 1234 893 1311 Exedra
928 1237 1018 1335 Epus
1054 1234 1222 1330 cobrienfir
1253 1238 1296 1323 8
1321 1238 1425 1310 Canes
1459 1231 1628 1307 fimare
1659 1255 1759 1308 anno
1795 1258 1863 1331 ¹¹1

271 1346 344 1447 (de
363 1347 494 1445 quibus
517 1350 726 1429 Chronicon
753 1354 1025 1455 Weingartense
1053 1355 1200 1434 breuius
1229 1356 1428 1451 Anonymo
1461 1350 1662 1428 iumediate
1691 1336 1815 1428 nonne
1850 1386 1855 1417 ·

271 1475 468 1564 memorat)
498 1470 675 1549 damnum
713 1470 843 1573 ingens
875 1476 932 1554 rel
961 1474 1245 1555 Destrusiionem
1282 1472 1536 1551 omnimodam
1573 1468 1689 1549 subiit.
1811 1508 1842 1537 ε·

270 1609 356 1686 ergo
378 1587 453 1666 sine
472 1588 600 1675 dubio,
626 1593 723 1690 quod
745 1593 958 1673 instauraret
988 1594 1245 1682 Diethmarns,
1268 1593 1354 1671 satis
1379 1590 1551 1670 multum.

190 1840 206 1855 ·
365 1852 400 1925 3.
424 1826 550 1905 Exstat
579 1829 782 1909 etiamnum
809 1818 967 1932 Epistola
999 1833 1109 1931 hujus
1139 1832 1295 1912 Abbatis
1330 1830 1376 1909 ad
1412 1828 1596 1907 siriasim
1629 1827 1843 1935 armna

271 1947 378 2044 Hofca
396 1949 499 2033 data,
525 1971 597 2049 qua
616 1953 794 2049 quasdam
822 1952 1079 2031 Ordinationes
1097 1952 1194 2029 circa
1213 1974 1293 2030 rem
1322 1949 1537 2027 familiarem
1558 1949 1689 2035 sabbas,
1715 1962 1814 2027 ratas
1828 1948 1864 2025 bw

270 2070 343 2147 bet.
396 2068 495 2145 Talis
514 2067 585 2144 est:
625 2070 695 2157 „In
719 2072 868 2149 nomine
893 2074 1008 2152 sancte
1039 2077 1077 2155 dt
1108 2072 1298 2150 indiuiduo
1325 2070 1515 2149 Trinitatis
1551 2086 1802 2146 ursauursrws
1828 2088 1868 2143 n:

270 2208 414 2266 casam
443 2210 694 2269 surosrcusrs
728 2212 879 2271 csuosn
911 2216 1045 2281 assas,
1093 2193 1271 2294 quidquid
1312 2188 1503 2267 honestum
1531 2188 1590 2268 rel
1622 2188 1712 2268 vtile
1738 2210 1838 2265 con·

271 2307 451 2385 estimatio
480 2308 694 2405 &prouida
720 2309 974 2390 industriorum
1006 2313 1166 2391 virorum
1189 2309 1401 2389 deliberatio
1425 2309 1465 2386 in
1493 2306 1668 2387 Cenobiis
1692 2306 1768 2405 vel}
1821 2347 1851 2373 αι

211 2460 216 2471 ·
271 2428 415 2504 biorum
444 2427 675 2524 pertinentiis
711 2430 927 2508 seruandum
949 2431 1151 2521 ordinauit,
1199 2431 1239 2506 id
1261 2429 1419 2530 profesio
1450 2429 1584 2506 assensu
1613 2427 1867 2543 Abbammfn

270 2546 425 2624 aliorum
459 2545 683 2626 Prelatorum
717 2549 854 2626 constat
885 2552 954 2627 else
983 2551 1221 2635 firmandum.
1255 2553 1293 2627 dr
1327 2560 1367 2627 vt
1400 2549 1439 2623 in
1471 2551 1647 2624 memoria
1676 2548 1868 2649 posterits

271 2665 499 2743 immutabile
529 2682 737 2762 permaneat
763 2668 969 2747 testimonio
996 2671 1206 2769 scriptorum
1231 2668 1421 2764 diligenter
1445 2666 1495 2743 est
1517 2666 1788 2757 stabiliendum,
1824 2705 1865 2730 ··

270 2783 341 2874 est,
373 2787 471 2889 quod
495 2786 785 2885 circumspetiam
815 2789 920 2867 nobis
954 2790 1177 2888 profuturam
1216 2787 1337 2864 sratris
1371 2786 1481 2872 nostri
1503 2785 1668 2863 Heinrici
1696 2787 1868 2865 ordins·‹

270 2929 376 2992 nem,
400 2905 578 3003 quamde
601 2907 845 3005 persoluendis
869 2907 1098 3004 pensionibus
1119 2913 1157 2989 dr
1178 2906 1469 2985 administrandis
1499 2930 1564 3005 per
1588 2906 1749 3002 angulos
1780 2932 1866 2985 ann

270 3024 473 3109 redditibus
498 3023 538 3100 in
565 3026 816 3104 monasteriolo
838 3029 957 3105 nostro
975 3027 1147 3104 Buchorn
1171 3026 1231 3103 cui
1254 3050 1340 3103 eum
1367 3014 1603 3123 prefecimus.
1628 3012 1810 3117 instituit,
1844 3053 1860 3104 r

272 3159 349 3223 tam
375 3143 548 3233 facimus,
598 3146 776 3246 &scripti
800 3148 910 3244 liuius
940 3147 1163 3225 firmitudine
1188 3145 1228 3222 in
1256 3144 1436 3243 posterum
1462 3148 1691 3232 roboramus,
1727 3172 1858 3225 conr·

272 3262 498 3349 musenim,
536 3266 796 3366 communique
827 3267 941 3343 totius
973 3265 1089 3343 nostre
1124 3262 1413 3362 congregationis
1447 3264 1592 3341 consilio
1616 3265 1818 3357 sancimus,

273 3380 581 3483 quemadmodum
605 3385 785 3480 predislus
810 3385 1007 3463 Heinricus
1038 3387 1086 3466 de
1111 3387 1227 3483 agris,
1256 3406 1497 3482 afflonamque
1525 3382 1735 3464 Cultoribus
1768 3412 1868 3487 pren

274 3501 404 3587 minati
442 3500 513 3577 ioci
545 3505 747 3581 tenendum
778 3504 946 3595 tradidit,
984 3503 1031 3581 sic
1063 3504 1321 3582 inuiolabiliter
1354 3501 1591 3589 custodiatur,
1630 3504 1821 3596 videlicet.

271 3622 375 3722 juxta
396 3620 638 3720 quantitatem
666 3622 704 3699 ὅ(
733 3622 947 3720 qualitatem
971 3637 1083 3714 terre,
1128 3646 1239 3727 quam
1277 3622 1428 3723 quilibet
1460 3624 1612 3701 colonus
1647 3644 1832 3724 perman
1867 3674 1868 3694 r

273 3739 440 3844 preposui
462 3738 618 3820 obtinet.
646 3743 831 3838 quantitas
859 3744 1051 3830 frumenti,
1085 3744 1158 3823 flue
1181 3745 1331 3821 aliarum
1355 3765 1476 3820 rerum
1499 3743 1547 3820 de
1573 3767 1671 3821 anno
1692 3744 1731 3821 in
1759 3770 1832 3825 ann

273 3863 432 3963 proditio
457 3859 608 3933 cenobio
633 3858 669 3932 in
695 3860 984 3939 sustentationem
1010 3864 1088 3940 Deo
1112 3864 1160 3942 ibi
1178 3861 1457 3952 famulantium,
1492 3878 1600 3962 prout
1626 3863 1726 3943 idem
1747 3866 1849 3945 Heia

273 4006 339 4059 cus
360 3979 534 4076 sapienter
558 3977 715 4075 prouidit
736 3981 775 4057 &
792 3982 1053 4079 preordiuauit‚
1074 3982 1146 4060 srne
1167 3982 1452 4073 contradisiione
1478 3983 1651 4084 deinceps
1666 3984 1827 4065 exhibea
1853 4020 1858 4051 ·

271 4102 440 4179 Pretcrea
467 4097 709 4175 concedimus.
746 4102 929 4196 agricolis,
976 4104 1195 4203 quicumque
1231 4103 1278 4179 de
1309 4098 1447 4179 familia
1478 4099 1645 4200 ejusdem
1683 4104 1853 4190 Monaste

271 4221 425 4304 suerint,
460 4228 500 4293 vt
530 4240 760 4315 nequaquam
789 4223 835 4295 dc
856 4221 1043 4299 curtilibus
1071 4222 1158 4309 suis,
1191 4221 1367 4320 quamdiu
1389 4222 1437 4296 ad
1465 4223 1708 4302 exercendam
1739 4237 1826 4305 terr
1848 4264 1866 4294 ··

272 4342 312 4419 ἀ
341 4338 388 4413 ad
416 4333 593 4432 explenda
625 4337 747 4414 debita
778 4342 920 4417 seruitia
953 4342 1107 4419 facultas
1142 4343 1181 4421 δι
1213 4339 1382 4420 voluntas
1412 4338 1467 4416 eis
1497 4362 1571 4417 non
1599 4340 1786 4436 desuerit,
1824 4374 1850 4426 v

271 4454 455 4540 occasione
481 4455 737 4551 propellantur,
784 4461 872 4558 quin
902 4463 941 4541 dt
972 4461 1037 4537 filii
1059 4484 1204 4548 eorum,
1249 4457 1391 4536 sisorte
1419 4458 1459 4535 in
1487 4459 1642 4558 idipsum
1673 4463 1854 4546 videbunt

269 4574 412 4662 idonei,
448 4586 599 4671 paterno
632 4574 753 4655 labore
784 4603 858 4655 non
892 4578 1142 4659 destituantur.
1210 4576 1343 4665 Quodn
1374 4578 1457 4679 quis
1487 4579 1674 4659 Abbatum
1703 4583 1868 4682 supradi

1736 4706 1866 4783 eenobi
