3736 5160
124 236 198 313 aaa
724 215 1141 309 *w*

122 393 227 472 vobis
251 390 490 471 caeremoniale
511 390 695 469 Romanam
718 348 986 481 transmittam,
1011 402 1076 469 aut
1101 392 1354 482 adferamus
1382 414 1454 490 quo
1484 393 1613 469 omnia
1642 395 1711 472 vob

122 513 213 591 scitu
236 510 427 587 necessaria
456 512 671 611 percomede
698 510 887 588 haurietis.
948 512 1047 588 R.D
1085 512 1287 598 Praelatus,
1329 534 1403 586 non
1433 511 1582 600 dubito,
1613 512 1711 589 dest

121 631 245 711 omnia
274 629 457 717 conseret,
498 652 592 727 quae
619 629 667 705 ad
694 630 962 707 reformationis
991 653 1083 728 opus
1109 630 1340 710 conducente
1388 629 1517 719 Patres
1538 631 1579 707 dt
1601 631 1711 709 Fratri

120 750 394 828 Conuentuales
424 747 537 824 etiarn
567 746 691 823 faciles
717 762 840 837 erunt,
886 753 925 829 dr
960 750 1187 825 conabuntur
1212 748 1362 846 collapsa
1383 748 1508 827 sensim
1537 749 1711 827 restaurai

120 868 333 967 Scripfimus
354 868 435 943 suae
456 866 780 945 Reuerendilsrmae
798 867 993 952 serenitati,
1017 879 1155 945 certum
1170 866 1374 964 gauisumm
1392 870 1440 945 de
1452 867 1646 965 progressu.
1691 869 1711 945 b

118 989 226 1065 terim
241 999 369 1063 curate
387 989 425 1065 dr
448 985 616 1081 gnauiter
637 987 793 1082 pergite,
818 988 869 1064 vti
893 985 1074 1084 coepistis,
1098 989 1210 1063 armis
1227 986 1608 1087 spiritualibusholles
1623 989 1711 1065 Eccl

116 1106 187 1183 fiae
208 1128 426 1203 expugnare.
476 1103 548 1181 His
571 1102 662 1179 belle
680 1105 842 1190 valeant,
868 1108 907 1185 dr
926 1128 990 1203 pro
1010 1105 1116 1183 nobis
1131 1106 1245 1183 etiam
1264 1118 1381 1185 orent.
1436 1105 1576 1183 Datum
1594 1105 1711 1185 ilsralsl

116 1231 177 1305 mii
209 1250 265 1302 12.
286 1224 370 1324 Julii
402 1228 504 1313 roro.
522 1221 602 1298 RR.
626 1222 705 1302 vu.
729 1223 934 1322 paratislimi
956 1224 1110 1303 Aramo
1130 1224 1371 1326 Suffrogonrus
1394 1226 1671 1329 Argenlisaerqss.

116 1345 280 1424 Mcosaus
303 1339 503 1421 Sananda

213 1580 385 1661 Proximo
415 1579 526 1654 Anno
562 1581 667 1655 1⁶20.
698 1573 823 1653 Abbas
854 1574 1132 1682 Gergenbocenfis
1161 1581 1259 1659 datis
1287 1581 1334 1658 ad
1367 1581 1552 1661 Abbatem
1584 1581 1711 1663 nostru

122 1710 165 1782 rb
181 1700 272 1796 maji
293 1697 463 1784 Litteris,
488 1696 625 1793 gratias
649 1694 878 1792 ampliffimas
897 1720 963 1795 pro
982 1697 1055 1775 suis
1074 1699 1207 1777 ibidem
1220 1700 1455 1778 exilientibus
1475 1702 1649 1781 Patribus
1662 1728 1711 1803 eg.

117 1822 291 1920 fimulque
316 1818 441 1917 petiit,
464 1828 506 1895 vt
525 1813 708 1893 inminuto
729 1814 890 1911 gratuiter
908 1817 966 1894 vel
998 1818 1151 1896 aliorum
1186 1822 1329 1907 morbo,
1362 1821 1420 1899 vel
1444 1821 1602 1899 aliorum
1628 1848 1711 1903 mor

118 1944 156 2020 in
179 1941 302 2020 Choro
323 1959 476 2014 numero
504 1936 648 2013 duobus
671 1940 802 2012 tertiam
832 1958 977 2035 quoque
1000 1939 1197 2035 adjungere
1222 1940 1392 2019 colonum
1419 1941 1516 2018 velit
1565 1945 1711 2041 Georgia

117 2062 214 2138 felici
247 2054 517 2136 reformationis
546 2055 714 2153 inceptae
751 2055 905 2132 successu
942 2071 1084 2146 motus,
1131 2056 1420 2137 Bartholomaeum
1465 2063 1557 2161 May
1597 2088 1711 2165 peregi

118 2180 309 2281 proficisci,
332 2176 484 2275 suasque
509 2197 638 2272 operas
672 2173 923 2275 Grogenboclio
953 2176 1072 2253 locare
1102 2177 1216 2274 jubet
1286 2180 1422 2259 Verum
1452 2180 1595 2261 laetum
1632 2183 1711 2263 bon

118 2300 295 2379 nuncium
330 2293 465 2373 tristius
497 2292 698 2392 insequenti
740 2318 829 2372 mox
862 2318 960 2373 anno
999 2296 1277 2396 insequebatur,
1316 2302 1591 2379 recrudescente
1632 2304 1711 2403 prin

118 2414 389 2501 demulationis
407 2413 581 2497 -inuidiaa
618 2414 710 2488 adeo
741 2426 780 2490 vt
811 2414 1006 2513 Episcopus
1032 2440 1096 2512 per
1125 2420 1205 2493 suos
1230 2418 1499 2496 commissarios
1529 2421 1628 2499 alias
1653 2424 1711 2502 int

118 2525 218 2635 leges
253 2537 322 2611 has
353 2555 495 2633 quoque
520 2533 558 2608 in
589 2527 758 2629 Capitulo
787 2532 893 2629 pleno
925 2536 1141 2632 promulgari
1172 2538 1421 2634 praeciperet:
1461 2538 1551 2615 Tres
1574 2542 1711 2642 Religir

119 2654 415 2754 weingartenses
447 2654 514 2727 has
543 2651 728 2750 suscipiant
766 2651 967 2729 funuiones
1002 2654 1192 2751 diligenter
1231 2658 1487 2755 exequendas:
1532 2662 1711 2741 Primos

121 2776 278 2853 Placidus
305 2773 437 2851 Prioris
460 2769 620 2849 odicium
642 2769 948 2865 „licutishaslanus
968 2776 1141 2859 retineat,
1173 2774 1230 2851 Fr.
1251 2776 1398 2853 Mauras
1416 2775 1634 2877 Subpriorrm
1651 2808 1711 2882 sgr

121 2898 250 2977 tertius
280 2916 366 2975 aero
391 2891 687 2989 Weingarttanus
731 2889 786 2965 Fr.
805 2891 965 2967 lllaornm
990 2894 1132 2971 absente
1159 2895 1298 2980 Priore,
1338 2900 1376 2973 dr
1406 2896 1460 2973 Fr.
1488 2898 1624 2978 Mauro
1649 2906 1711 2981 ein

120 3017 313 3096 Priorolrmr
343 3023 521 3109 occupato
548 3009 585 3086 in
615 3008 831 3085 instruendis
857 3010 1007 3089 Nouitir's
1033 3015 1153 3111 juuet,
1188 3028 1428 3115 coeptumque
1455 3018 1711 3105 Reformatirm

122 3162 214 3237 opus
240 3155 371 3213 omnes
391 3129 542 3209 studiose
561 3120 828 3231 prosequantur.

218 3373 389 3455 Secundo
417 3369 604 3449 Praelatua
623 3360 660 3445 in
681 3391 745 3454 ea,
769 3392 841 3469 qua
865 3369 915 3446 est
936 3370 1116 3448 Abbatiali
1138 3373 1317 3470 dignitate
1340 3391 1573 3475 permaneat.
1603 3382 1711 3461 &lio

122 3494 325 3593 supremum
347 3488 552 3567 Monaslerii
570 3500 679 3587 caput
701 3487 760 3574 fit,
791 3490 880 3567 serio
909 3501 1031 3568 tamen
1058 3495 1296 3582 mendamus,
1326 3500 1363 3573 dr
1387 3497 1541 3575 ‹lislride
1570 3505 1711 3603 praecip

122 3637 231 3699 mus,
256 3623 296 3690 vt
320 3609 504 3709 praefatus
525 3607 649 3685 Abbas
671 3608 710 3684 in
733 3607 988 3686 Oeconomicis
1015 3614 1053 3689 dr
1075 3614 1331 3711 temporalibus
1353 3617 1470 3691 nullas
1492 3622 1711 3718 expensasfi

122 3756 227 3818 cere,
253 3730 372 3807 nullos
393 3727 519 3804 census
540 3728 627 3802 dare
650 3739 714 3805 aut
735 3726 894 3825 recipere
911 3727 985 3805 siue
1004 3727 1191 3828 quidpiam
1215 3732 1338 3821 aliud,
1367 3733 1440 3811 sme
1457 3740 1612 3817 consilio
1629 3746 1711 3823 &ar

122 3851 210 3929 xilio
236 3852 274 3927 P.
297 3850 432 3927 Prioris
451 3845 623 3947 expedire
638 3844 865 3944 praesumat„
879 3847 939 3925 sed
962 3848 1103 3937 omnia,
1134 3863 1330 3951 antequam
1354 3853 1459 3938 liant,
1489 3858 1622 3947 eidem
1648 3884 1711 3937 con

121 3972 294 4051 municet.
343 3967 384 4047 Si
407 3968 537 4066 (quod
557 3991 629 4041 uon
654 3964 862 4063 speramus)
892 3968 988 4043 inter
1008 3968 1188 4047 Abbatem
1214 3973 1252 4050 dr
1277 3970 1436 4051 Priorem
1456 3972 1585 4076 adque
1613 3982 1654 4057 in
1681 4004 1711 4059 tu

120 4094 230 4189 gotiis
255 4090 424 4188 gerendis
436 4084 671 4173 ,Monasterii,
694 4108 738 4161 ac
758 4085 969 4163 decidendis
989 4086 1226 4185 discrepantia
1243 4094 1281 4171 dr
1303 4091 1503 4170 Contentio
1524 4111 1609 4175 orta
1625 4098 1711 4176 fueri

120 4214 173 4289 rei
196 4210 336 4287 Decifio
359 4208 414 4306 (li
437 4230 497 4289 res
518 4226 659 4283 moram
684 4204 865 4304 patiatur)
897 4206 945 4283 ad
968 4204 1173 4285 Concilium
1201 4210 1484 4289 Ecclefiallicum
1508 4216 1568 4292 vel
1600 4218 1711 4319 aliqu<

122 4328 279 4406 anobis
310 4354 358 4403 ex
386 4328 516 4403 eodem
549 4322 715 4401 Concilio
754 4324 952 4423 specialiter
982 4326 1225 4407 nominandos
1258 4329 1498 4420 deuoluattn.
1531 4335 1573 4415 dt
1596 4361 1711 4437 pron

121 4447 294 4549 qualitate
315 4446 452 4525 ibidem
476 4444 666 4523 decidatur
688 4456 759 4523 ect.
797 4486 847 4505 -
1290 4478 1297 4503 ·

1563 4690 1711 4771 ,tun
