3736 5160
690 197 1111 294 wewam-⁶
1640 204 1712 301 'ur

102 377 288 483 Jure'soret
310 377 528 458 faciendum.
578 375 629 455 Et
648 376 847 454 nilominus
871 375 896 451 sr
918 378 1127 465 decretum,
1151 374 1432 455 declarationem
1457 376 1496 456 dr
1518 375 1711 454 remotio

100 523 173 577 nem
188 498 400 589 hujusmodi
415 521 480 598 per
497 520 582 575 eum
598 497 675 573 sieri
693 495 939 591 contingeret,
965 504 1004 573 vt
1017 497 1215 594 praefertur
1232 497 1278 570 de
1299 494 1439 570 meritis
1465 494 1709 592 &ydoneu-

98 614 284 717 eponae
308 614 521 712 hujusmodi
536 617 715 713 praeterita
742 615 952 693 austeritate
974 615 1007 689 se
1033 615 1146 691 etiam
1166 614 1358 710 diiigenter
1379 613 1600 702 informaret,
1626 617 1664 694 dr
1682 611 1709 690 ll

96 757 152 834 per
179 735 476 811 informationem
505 734 616 832 ipsam
639 734 821 810 inueniret
844 736 1002 810 eundem
1024 729 1201 832 Jalamee
1223 735 1270 809 ad
1301 733 1462 829 regimen
1492 731 1531 810 dr
1555 730 1710 809 admini-

96 853 296 932 strationem
318 853 403 930 disti
423 852 627 928 monasterii
650 855 726 930 sore
747 853 956 950 ydoneum,
989 853 1090 949 super
1109 876 1182 950 quo
1201 853 1282 946 ejus
1301 851 1558 927 conscientiam
1583 874 1710 928 onera·

96 976 164 1059 bat,
189 974 237 1047 de
255 972 403 1069 persona
426 971 592 1068 ejusdem
615 966 773 1070 Jusrrmris
799 970 919 1045 eidem
943 970 1158 1046 Monalterio
1179 968 1283 1066 cujus
1307 971 1443 1047 srusius
1462 970 1643 1056 redditus,
1671 973 1709 1052 dr

96 1114 148 1192 pro
173 1103 308 1166 ventus
331 1100 536 1167 trecentum
557 1090 787 1167 Marcbarum
816 1088 956 1183 argenti
987 1089 1196 1164 secundum·
1217 1110 1452 1164 communem
1475 1087 1710 1165 existimatio·

96 1232 170 1287 nem
185 1208 347 1285 valorem
368 1232 531 1284 annuum
550 1222 589 1285 vt
613 1208 826 1284 asserebatur
850 1233 924 1284 uon
944 1208 1187 1290 excedebant,
1215 1206 1286 1282 srue
1302 1230 1364 1305 per
1388 1208 1575 1285 decretum
1591 1208 1630 1288 δι
1645 1211 1710 1286 de·
1787 1302 1792 1311 ‚

96 1328 321 1407 cierationem
349 1339 414 1403 aut
432 1329 622 1405 ceffionem
652 1327 709 1405 vel
731 1327 992 1404 ammotionem
1016 1326 1228 1424 hujusmodi
1251 1339 1340 1402 tunc
1368 1324 1440 1401 fiue
1462 1326 1560 1404 alias
1577 1328 1709 1426 quouis

96 1450 195 1527 nodo
219 1460 285 1524 aut
313 1471 362 1522 ex
389 1446 536 1523 alterius
571 1446 820 1544 cujuscunque
850 1448 998 1543 persona
1025 1458 1170 1525 vacaret
1204 1445 1318 1522 etiam
1356 1442 1383 1519 sr
1415 1446 1496 1540 eius
1519 1446 1709 1545 dispositio

96 1592 131 1645 er
157 1567 291 1665 quauis
327 1565 432 1641 causa
464 1568 513 1641 ad
544 1565 664 1642 sedem
694 1564 922 1661 apostolicam
950 1564 1145 1664 specialiter
1163 1565 1224 1647 ¹vel
1247 1563 1464 1659 generaliter
1490 1567 1708 1661 pertineret.

96 1686 284 1765 lommodo
310 1685 405 1761 dista
431 1685 492 1759 die
517 1684 559 1759 Χ.
583 1684 736 1761 Calend.
760 1685 938 1762 Nouemb.
962 1707 1036 1758 non
1066 1683 1152 1759 elset
1173 1685 1294 1760 eidem
1320 1680 1538 1759 Menalierio
1565 1683 1614 1762 de
1629 1684 1709 1764 Ab·

96 1817 164 1885 rate
187 1802 367 1881 mnonice
393 1802 573 1900 prouisum
596 1802 757 1898 praefata
780 1802 991 1879 austeritate
1014 1802 1239 1901 prouideret,
1271 1801 1455 1901 ipsumque
1477 1800 1529 1875 illi
1551 1800 1708 1902 praeier-

96 1938 137 2003 et
161 1925 204 2001 in
229 1923 414 2001 Abbstem
447 1943 593 2006 curam,
627 1923 806 2018 regimen,
854 1926 893 2001 dr
918 1920 1266 1999 administrationem
1293 1921 1380 2008 disti
1407 1921 1614 1999 Monallerli
1646 1923 1708 2003 srbi

96 2069 122 2123 o
143 2041 386 2143 spiritualibus
412 2040 730 2138 &temporalibus
754 2042 913 2139 plenarie
932 2032 1211 2126 ¹summittendo,
1261 2038 1318 2116 Ne
1341 2053 1465 2118 autem
1495 2041 1612 2119 ditius
1642 2042 1708 2141 Jo-

96 2160 199 2239 ΕΜ
224 2160 424 2239 voluntatis
448 2159 486 2237 de
511 2158 742 2237 conceffionis
775 2159 987 2256 huiusmodi
1011 2183 1076 2258 pro
1102 2160 1266 2257 eoquod
1291 2160 1395 2259 super
1424 2160 1497 2237 illis
1525 2161 1609 2240 disti
1635 2164 1706 2240 Ca·

96 2280 157 2359 lilii
176 2278 449 2358 praedecessoris
472 2277 746 2376 superueniente
773 2279 894 2367 obitu,
931 2279 1073 2356 litterae
1097 2278 1307 2379 apostolicae
1328 2280 1511 2359 consetiae
1531 2306 1606 2361 oon
1626 2282 1716 2363 sue>

96 2414 184 2487 runt,
207 2399 393 2478 frustretur
416 2397 561 2481 essettu,
597 2398 760 2474 volentes
788 2400 826 2477 dr
853 2400 984 2476 eadem
1009 2399 1221 2477 autioritate
1254 2400 1493 2475 decernentes
1520 2406 1617 2502 quod
1642 2429 1707 2482 vo·

96 2523 203 2599 butas
226 2519 268 2599 dr
291 2517 464 2594 concesso
493 2516 614 2592 Calisti
647 2517 924 2596 Praede‘c'elsoris
966 2518 1178 2613 hujusmodi
1206 2517 1253 2594 ab
1289 2519 1419 2594 eadem
1453 2520 1514 2595 die
1547 2523 1593 2597 X.
1627 2523 1704 2601 Cal.

96 2640 263 2721 souemb.
292 2638 392 2714 suum
417 2636 608 2713 sortiantur
634 2636 842 2726 effodiam*
857 2639 1007 2736 perinde
1042 2658 1086 2712 ac
1113 2637 1262 2735 srsuper
1287 2637 1360 2713 iliis
1386 2636 1553 2732 ejusdem
1580 2641 1706 2720 Catilli·

96 2756 361 2838 uredeoelloris
373 2757 533 2843 litterae,
559 2757 620 2833 sub
640 2759 822 2854 praefatae
843 2755 916 2832 diei
935 2757 1022 2832 dato
1037 2755 1221 2832 confetiae
1236 2755 1395 2844 fuissent,
1418 2768 1524 2854 prout
1545 2759 1704 2857 superius

96 2893 289 2961 marmtrrr,
330 2878 499 2976 quodqule
521 2876 725 2974 praesentes
750 2875 893 2950 litterae
922 2875 969 2952 ad
1003 2875 1228 2972 probandum
1265 2874 1370 2973 plene
1404 2874 1629 2954 voluntatem
1664 2883 1705 2959 dc

96 2999 343 3077 oucelbooem
376 2995 496 3073 Calilli
531 2995 806 3092 praedecessoris
848 2991 1060 3090 hujusmodi
1097 2991 1228 3090 ubique
1259 2992 1453 3083 sulliciaot,
1485 3019 1556 3072 nec
1589 2997 1637 3074 ad
1664 2997 1704 3074 id

96 3116 303 3197 trebationis
323 3115 471 3190 alterius
495 3115 757 3192 amminiculum
791 3113 1010 3213 requiratur,
1043 3110 1248 3192 discretioni
1289 3122 1374 3189 tuae
1402 3134 1466 3213 per
1500 3114 1704 3213 Apostolica

96 3240 208 3338 'cripte
232 3235 450 3313 mandamus
468 3233 641 3331 quatinus
667 3232 824 3312 srditius
842 3227 1004 3332 Jobomus
1024 3233 1223 3331 praelatum
1250 3232 1389 3309 luam
1407 3234 1510 3332 super
1532 3232 1703 3333 praemis·

96 3359 126 3437 is
147 3380 273 3435 coram
305 3368 344 3430 te
369 3352 530 3429 accusare
552 3375 595 3428 ac
623 3355 654 3428 se
686 3354 721 3431 in
753 3354 871 3430 forma
892 3351 990 3451 luris
1011 3351 1198 3429 inscribere
1222 3351 1377 3429 mluerir
1400 3353 1585 3452 postquam
1618 3379 1703 3435 eum

96 3475 302 3557 recusauerit
324 3473 362 3550 ἀ
382 3475 416 3548 se
446 3472 674 3571 inscripserit,
699 3486 739 3552 vt
760 3473 976 3574 praefertur,
1005 3472 1145 3548 uocatis
1174 3470 1269 3548 ditio
1297 3471 1435 3571 jodoco
1465 3472 1505 3554 &
1533 3474 1613 3553 aliis
1639 3477 1703 3576 qui

96 3599 219 3677 umine
245 3592 423 3671 euocandi
449 3594 550 3690 super
574 3593 698 3671 relatis
723 3596 865 3670 eisdem
890 3592 1052 3693 inquiras
1076 3591 1238 3691 praesare
1260 3593 1472 3673 austeritate
1492 3594 1703 3691 diligentius

96 3718 292 3803 orimum,
333 3716 372 3792 dr
395 3710 420 3788 sa
447 3735 511 3809 per
533 3711 799 3812 inquisrtiooem
826 3711 1036 3810 hujusmodi
1061 3711 1260 3810 reppereris
1291 3713 1406 3790 relata
1439 3715 1510 3814 ipsa
1536 3714 1614 3791 sore
1641 3739 1703 3794 ve-
1845 3789 1848 3793 r

96 3835 359 3915 aeletiionem
399 3835 437 3910 dr
477 3831 804 3911 consumationem
839 3830 1072 3929 hujusmodi,
1115 3854 1158 3908 ac
1192 3833 1278 3907 inde
1308 3834 1429 3909 secuta
1464 3856 1703 3933 quaecuuque

96 3958 217 4036 rullius
245 3953 346 4030 soille
376 3951 415 4028 dr
435 3950 503 4024 else
529 3952 668 4029 roboris
692 3953 748 4030 vei
769 3952 948 4030 momenti
976 3952 1106 4028 eadem
1133 3950 1344 4029 austeritate
1368 3951 1542 4028 decernas
1571 3956 1703 4049 pariter

96 4073 326 4158 bdeclares.
374 4070 558 4168 ipsumque
598 4069 749 4170 Jedocrrm
779 4074 825 4150 ab
873 4072 1005 4147 eodem
1051 4070 1267 4146 Mouasterio
1311 4069 1454 4147 realiter
1490 4093 1701 4147 ammoueas

96 4209 187 4274 rout
215 4192 362 4288 dejure
384 4189 492 4266 suerit
520 4190 740 4267 faciendum.
818 4190 869 4267 Et
893 4189 1036 4289 insuper
1063 4188 1088 4265 sr
1114 4191 1321 4274 decretum.
1354 4188 1635 4266 declarationem
1664 4195 1704 4269 de

96 4312 342 4397 mmotionem
357 4308 566 4407 hujusmodi
583 4333 645 4411 per
655 4322 693 4384 te
703 4309 780 4388 sreri
794 4310 1001 4407 contingat,
1027 4320 1068 4385 vt
1080 4307 1299 4407 praefertur,
1323 4306 1371 4383 de
1394 4305 1588 4385 meritis&
1609 4311 1703 4404 ydo-

96 4439 217 4514 reicere
239 4431 323 4509 diui
351 4428 527 4528 Jobaunis
561 4430 689 4506 eadem
722 4432 933 4509 austeritate
953 4441 991 4509 te
1016 4426 1208 4525 diiigenter
1234 4424 1430 4509 informes,
1458 4424 1497 4502 dc
1519 4424 1541 4500 li
1566 4446 1627 4524 per
1647 4428 1705 4501 in-

96 4553 334 4663 'ormationem
364 4548 577 4646 hujusmodi
613 4548 729 4651 ipsum
765 4548 972 4650 Jobannem
1012 4549 1061 4627 ad
1091 4546 1255 4644 regimen
1287 4536 1703 4623 &administrationem
1751 4596 1760 4615 .

933 4668 965 4747 z
1281 4766 1285 4773 Ι
1618 4665 1704 4741 erari
