3736 5160
701 250 1119 342 *ww*
1644 260 1717 336 ²¹⁹

148 472 151 477 ⁴
288 429 637 522 GERWICVS
682 422 1024 530 Biavana,
1068 450 1168 514 222.
1215 422 1532 512 BLAARER.

654 586 920 667 ABBAS
969 582 1167 664 XXVIII.

200 750 465 830 Celeberrimos
491 751 552 825 hic
580 750 618 826 in
637 751 736 829 orbe
762 750 949 827 teutonico
976 748 1101 826 Abbas
1128 735 1319 827 Gentibus
1344 745 1495 823 Blaurer
1522 739 1635 820 nobili
1668 736 1722 817 sa·

119 870 207 946 milia
229 871 404 946 oriundus
430 893 525 942 anno
552 891 657 965 1495.
685 892 740 964 25.
767 870 855 964 May
880 867 1111 957 Constantine
1136 868 1299 943 nascitur.
1348 862 1604 942 MonaiIerium
1625 884 1722 937 anno

120 1011 215 1083 1509.
253 1012 311 1082 29.
344 987 478 1083 Aprilis
512 986 727 1081 ingreditur,
776 974 923 1063 soIenmi
960 989 1137 1063 Votorum
1176 982 1359 1083 sponsione
1390 1005 1488 1057 anno
1521 1003 1626 1073 1511.
1666 998 1724 1071 25.

115 1107 259 1203 Augusti
292 1104 570 1182 Benediibnum
603 1095 803 1203 3222122122.Ι
856 1106 1109 1190 Seuerioribus
1131 1104 1215 1181 dein
1242 1099 1353 1177 muris
1383 1100 1584 1196 adplicatus
1610 1097 1724 1173 Vien-

76 1220 196 1302 ’22222
222 1238 330 1320 atque
361 1222 575 1318 Friburgum
607 1225 782 1302 mittitur:
835 1223 930 1302 Tum
960 1225 999 1300 in
1031 1224 1171 1301 stodiam
1202 1221 1379 1318 profectus
1413 1220 1509 1319 Juris
1549 1216 1726 1295 Canonici

113 1343 335 1419 Licentiatus
359 1340 542 1416 Ferrariae
567 1365 664 1417 auno
695 1367 795 1438 ¹519·
826 1370 880 1440 14
904 1344 1123 1423 Nouembris
1146 1341 1397 1422 denuntiatur,
1436 1340 1585 1414 domurn
1607 1356 1727 1414 reuer-

113 1467 165 1542 sus
191 1474 344 1557 accepto
369 1459 454 1534 sacri
486 1461 761 1557 Presbyteratus
794 1463 921 1538 ordine
942 1463 1096 1559 primam
1121 1463 1168 1537 ad
1194 1456 1464 1535 areenriostiam
1495 1478 1592 1531 anno
1623 1477 1728 1547 252ο.

114 1597 143 1667 3.
166 1577 331 1679 januarii
356 1577 500 1661 obtulit,
541 1582 861 1678 eodemqueanno
882 1581 1046 1657 bissextili
1078 1601 1136 1671 29.
1167 1576 1350 1656 Februarii
1379 1576 1506 1652 Abbas
1532 1574 1570 1648 iu
1603 1572 1729 1651 Weiu·

112 1714 234 1799 garten
260 1696 415 1791 eligitur.
488 1698 738 1774 Scrutatorum
769 1700 889 1775 officio
919 1698 1159 1795 fungebantur
1188 1696 1419 1774 Sebastianus
1451 1693 1488 1768 in
1517 1690 1730 1779 zwifalten.
1846 1716 1850 1723 ·

115 1818 306 1900 Vdalricus
329 1815 368 1889 in
390 1811 684 1902 chsenhausen‚
718 1830 827 1915 atque
851 1817 1009 1915 Joannes
1035 1818 1075 1893 in
1089 1814 1210 1910 Augia
1226 1815 1408 1897 Abbates‚
1433 1835 1503 1889 uec
1526 1836 1601 1889 non
1617 1811 1733 1888 Geor·

113 1941 191 2037 gius
219 1937 352 2015 Vetter
382 1933 585 2009 Monachus
623 1920 923 2030 weingartensis,
967 1936 1002 2013 is
1036 1935 1126 2034 ipse,
1170 1933 1235 2033 qui
1271 1933 1536 2011 Bibliothecarn
1575 1931 1733 2012 nostram

116 2064 227 2135 22212222
250 2057 398 2132 turino
424 2053 506 2127 MS.
531 2053 773 2129 membraneis
798 2053 948 2140 ditauit,
980 2077 1133 2151 quorum
1155 2052 1251 2150 prior
1275 2051 1313 2125 iu
1338 2076 1373 2148 4.
1404 2049 1527 2150 diffide
1552 2051 1732 2140 continet.

125 2200 210 2253 oum
226 2174 339 2283 baca
369 2172 542 2271 principio
565 2171 816 2268 inscriptione:
875 2173 993 2249 Iboier
1027 2173 1163 2249 Georiar
1192 2173 1309 2246 Veiter.
1328 2170 1511 2265 Mooaiserii
1554 2166 1735 2266 Worgartan

128 2326 226 2402 Prior
246 2316 324 2399 lara
340 2308 454 2398 umor
476 2321 651 2417 conscribere
666 2320 748 2413 ferit
770 2324 828 2396 aiio
844 2322 916 2397 Diii
943 2346 959 2396 2
964 2344 1047 2417 504
1071 2343 1157 2417 prtem
1178 2323 1214 2395 oi
1228 2320 1360 2419 furter
1383 2296 1431 2396 a'ie
1441 2321 1499 2418 soe
1516 2324 1669 2407 2222222222
1694 2322 1737 2410 Β

121 2448 206 2523 teda
224 2460 274 2542 po
301 2445 414 2517 21222222
435 2442 529 2534 fitam
559 2446 692 2534 preclare
715 2440 918 2534 fraternitati
940 2440 1086 2538 nactast
1112 2447 1255 2516 menois
1283 2441 1450 2537 sebastiani
1479 2442 1577 2536 sopra
1608 2450 1738 2514 2222222222

122 2565 229 2640 Mitris
254 2559 438 2655 Wrgortrn
460 2560 559 2631 astam
582 2566 616 2632 222
639 2563 687 2633 die
709 2563 839 2655 Brigide
868 2564 1007 2656 Vergiru's
1027 2582 1107 2633 222222
1136 2560 1204 2632 0221
1234 2582 1335 2653 2523.
1360 2557 1422 2632 sub
1451 2557 1536 2632 iiic
1560 2558 1599 2637 F.
1624 2583 1660 2632 n.
1678 2580 1737 2654 37.

122 2680 297 2758 Posterior
313 2678 436 2752 smilis
460 2676 615 2760 somnae,
639 2677 876 2775 ejusdemque
900 2680 1074 2755 materiae
1096 2681 1299 2754 Breviorium
1316 2677 1564 2772 compieditur
1591 2678 1738 2775 sequen·

123 2816 196 2878 tem
221 2800 261 2874 in
288 2795 408 2872 fronte
439 2816 568 2891 gerens
602 2797 767 2885 titulum:
821 2801 888 2892 Ego
921 2799 1050 2872 Georircr
1086 2798 1192 2870 Veiier
1222 2792 1312 2892 129222
1339 2796 1521 2898 Mmrsierr'i
1556 2795 1740 2889 Wagarten

127 2924 219 2999 Prior
240 2915 412 2993 ias-uiros
436 2923 511 2988 meir
531 2921 630 3010 ppriis
661 2917 792 3012 erperfir
818 2921 948 3012 ppnuri
972 2940 1045 3013 quor
1070 2914 1256 3016 Mmoflerio
1273 2914 1373 3015 piato
1399 2931 1457 3010 pyr
1483 2911 1576 3019 rifero
1609 2924 1647 2989 at
1677 2935 1742 2988 me·

128 3049 220 3119 222222
245 3060 313 3113 mea
335 3036 415 3132 apud
426 3031 602 3133 sardinas
620 3058 682 3110 22222
704 3037 842 3112 22122222
861 3056 940 3112 aruo
964 3040 1094 3112 02221222·
1122 3056 1226 3128 2522.
1271 3035 1346 3112 Sub
1368 3030 1455 3109 L'itc
1476 3032 1514 3109 F.
1532 3056 1568 3108 n.
1583 3040 1643 3129 4⁶.

221 3275 335 3352 Anno
363 3292 467 3370 1547.
505 3292 538 3364 5.
570 3273 691 3366 Marty
724 3271 761 3345 in
792 3271 1040 3348 Ochi'enhusen
1070 3266 1215 3370 quoque
1235 3271 1356 3350 Abbas
1379 3270 1493 3348 fartus
1521 3269 1590 3356 estt
1632 3270 1741 3367 qnam
1843 3344 1846 3349 .

133 3394 174 3471 Ei
196 3394 416 3487 dignitatem
441 3414 525 3487 prae
547 3391 678 3464 ceteris
705 3390 968 3486 Wosffgangus'
986 3390 1180 3488 Episcopus
1212 3390 1441 3467 Panauienns
1476 3391 1571 3466 datis
1613 3390 1753 3489 12222222

130 3512 342 3610 gratulatur,
367 3511 528 3606 petitque
551 3530 598 3581 ne
623 3510 734 3584 tantis
761 3510 971 3588 Honoribus
992 3512 1116 3587 sudus
1139 3513 1263 3588 Mores
1296 3521 1431 3599 mutet,
1476 3519 1585 3609 atque
1609 3508 1744 3587 vetetis

136 3629 315 3708 amicitiae
343 3631 381 3707 dr
410 3626 685 3708 Neceffitudinis
707 3629 942 3727 obliuiscetur.
1006 3627 1123 3704 Datae
1148 3628 1297 3704 Paisauii
1322 3654 1356 3724 3.
1384 3629 1470 3730 Juiii
1500 3654 1602 3728 1547.
1665 3628 1747 3703 Hac

131 3771 273 3850 quoque
299 3743 481 3821 occasione
505 3748 564 3821 sua
583 3744 661 3841 jam
690 3739 789 3842 prius
815 3750 900 3825 vota
935 3744 1068 3824 eodem
1095 3771 1191 3823 anno
1227 3772 1279 3843 23.
1320 3749 1458 3848 Aprilis
1487 3748 1665 3842 Georgius
1691 3748 1748 3824 Si·

131 3867 348 3964 girmondus
369 3865 456 3969 Sold
484 3864 590 3952 secit,
614 3866 846 3963 addiditque,
873 3866 906 3942 se
931 3868 1001 3942 hoc
1024 3867 1158 3941 nuncio
1183 3886 1227 3939 eo
1255 3867 1415 3942 tenerius
1437 3869 1614 3945 adsettum
1636 3866 1747 3950 fuisse.

132 4012 205 4086 quo
226 3983 345 4077 magis
370 3982 628 4058 schmascaldici
655 4007 737 4058 eum
762 3986 801 4059 in
823 3986 1043 4060 sirminariron
1068 3984 1323 4060 transformare
1341 3983 1560 4061 laborassent.
1611 3985 1748 4061 Datum

136 4106 260 4203 Egrae.
312 4102 509 4199 Vtramque
532 4102 728 4177 Abbatiam
751 4105 795 4176 ad
823 4127 935 4202 vsque
961 4102 1057 4179 vitae
1088 4103 1282 4178 terminum
1314 4104 1463 4199 prouide
1490 4103 1603 4190 rexit,
1638 4106 1675 4180 dr
1698 4102 1748 4176 sa·

137 4227 275 4323 pIenter
292 4221 524 4316 gubernauit,
563 4243 778 4317 quemquam
802 4245 897 4297 anno
929 4228 1033 4314 1563.
1056 4224 1177 4296 mense
1201 4221 1406 4316 Septembri
1439 4223 1477 4299 dt
1507 4221 1590 4297 heic
1617 4224 1653 4300 dr
1679 4222 1750 4298 iilic

137 4342 374 4437 coadjutores
406 4338 471 4414 srbi
499 4338 721 4427 adscisceret,
762 4338 931 4436 prudenti
960 4339 1043 4413 sane
1067 4339 1149 4415 vius
1177 4340 1342 4423 confilio,
1382 4351 1423 4414 rt
1449 4361 1581 4437 nempe
1613 4340 1668 4415 Pii
1690 4342 1750 4419 IV.

137 4462 322 4561 Nepotum
346 4479 419 4531 uon
446 4458 648 4545 nerninem,
684 4457 747 4555 qui
777 4455 1132 4535 obtenta'Auunculi
1159 4456 1424 4553 Dispensatione
1457 4461 1598 4556 rtrique
1634 4458 1751 4534 inhia·

139 4581 217 4671 bat,
248 4576 442 4674 intersepto
467 4573 514 4653 sic
539 4576 668 4653 itincre
698 4576 916 4655 excluderet.
967 4574 1136 4652 Mortuus
1166 4576 1218 4654 cst
1247 4576 1322 4674 post
1353 4574 1565 4655 innumeros
1589 4577 1758 4654 errantia·r

977 4691 1041 4778 Ee
1065 4718 1088 4775 2
1693 4708 1753 4770 tos
