3736 5160
110 229 181 313 418
277 204 284 233 '
447 278 450 283 ,
713 206 1134 298 *mm*

112 394 265 493 „potius
292 393 489 491 adprobare
514 342 757 485 Praepositum
787 383 1000 471 resalium,
1039 396 1079 462 vt
1102 383 1347 464 Confessroner
1377 387 1503 464 audire
1537 411 1581 465 ac
1610 388 1764 497 821te

113 529 267 602 „menta
293 517 340 589 ad
366 511 566 589 ministrare
589 505 700 607 possit.
767 504 895 609 Neque
920 507 958 582 in
984 504 1065 580 aliis
1095 527 1180 584 eam
1205 506 1417 601 Ecclesiam.
1467 530 1562 610 quae
1593 532 1765 619 enen-34

74 740 81 757 ἡ
114 634 401 733 „praesumitun
436 629 575 708 visitare
604 625 725 724 potest.

209 826 388 927 ..Quinroz
424 845 552 899 reuera
575 818 667 898 nihil
689 816 794 903 elset,
824 813 1046 893 scribendum
1066 818 1112 892 ad
1131 815 1362 895 cardinalem
1379 818 1623 905 Mamurium,
1650 842 1729 912 cum

112 997 136 1037 n
146 946 247 1026 Nihil
280 945 379 1042 poffit
411 942 570 1041 probari,
617 963 699 1016 eam
733 932 928 1013 Ecclesiam
958 935 1028 1010 else
1048 937 1264 1013 Exemtam:
1308 940 1497 1039 nequest
1528 962 1621 1036 opus
1653 967 1723 1023 vem

113 1121 136 1156 „
147 1068 361 1142 confirmare
392 1062 542 1139 vestram
568 1059 880 1143 commissionem,
912 1055 971 1129 cui
996 1080 1068 1131 non
1089 1059 1240 1151 derogat
1259 1057 1476 1137 Concilium.
1526 1061 1651 1136 Petere
1669 1088 1717 1140 re·

115 1211 188 1275 „ro
217 1198 258 1262 vt
290 1207 409 1280 neque
448 1181 486 1257 in
517 1179 834 1254 Sacramentorum
868 1174 1178 1251 administratione
1208 1177 1476 1271 recognoscatur
1507 1177 1713 1266 Ordinanur.

117 1360 137 1394 ,‚
147 1330 205 1380 res
236 1303 286 1378 esi
312 1325 437 1400 parum
461 1299 637 1382 modesta.
689 1303 726 1379 dr
760 1308 883 1394 aperte
908 1310 1034 1369 contra
1065 1296 1290 1382 Concilium,
1331 1320 1440 1396 quam
1475 1297 1642 1373 Pontifex
1667 1301 1713 1376 vir

112 1423 342 1512 ‚‚coi1cedet,
384 1443 468 1495 cum
496 1419 561 1495 vix
595 1417 697 1515 poffit
726 1412 856 1490 adferri
876 1436 1075 1506 praegnans
1100 1417 1202 1490 causa
1238 1413 1316 1509 ejus
1342 1416 1582 1495 Exemtionir.
1641 1419 1713 1503 Quia

90 1540 264 1634 '„tamen
291 1542 343 1616 ita
367 1551 470 1632 rogat
494 1538 650 1620 Comes.
688 1539 725 1614 dr
758 1531 898 1608 sortasse
928 1534 1077 1629 expedit
1109 1559 1192 1612 eam
1225 1536 1420 1613 Ecclefiam
1455 1537 1713 1615 conseruaren

113 1676 328 1753 ,exemtam
361 1668 541 1752 <excepta
574 1659 888 1730 Sacramentorum
919 1653 1256 1754 administratione)
1289 1656 1363 1733 duo
1385 1657 1524 1755 possent
1557 1680 1579 1733 e
1610 1656 1713 1734 Cordi·

111 1783 242 1874 „nun
283 1779 374 1879 peti,
400 1800 494 1878 quae
519 1774 663 1874 expreffi
689 1772 879 1871 separatim
902 1763 941 1851 iu
965 1773 1096 1850 litteris
1120 1777 1168 1851 ad
1191 1776 1305 1854 illum.

208 1995 364 2083 „Sextot
406 1990 553 2069 Pistorio
593 1988 903 2093 respondendum,
955 1986 1024 2061 esse
1057 2000 1222 2087 opertum
1243 1992 1309 2092 Jus
1335 1972 1442 2070 tuum
1473 1990 1709 2074 confirmandi:

113 2114 389 2213 „Praepositum
429 2123 603 2212 perpetua
640 2108 741 2208 praxi
779 2108 1044 2207 confirmatum.
1087 2142 1089 2146 ¹
1123 2109 1381 2188 Exemtionem
1425 2111 1522 2188 illius
1563 2112 1714 2188 Ecclesre

113 2290 135 2323 „
146 2235 421 2333 praescriptione
445 2235 647 2315 indultam,
689 2229 878 2304 Ordinario
904 2228 1026 2303 saltem
1051 2253 1126 2304 non
1151 2230 1380 2308 reclamante.
1429 2234 1524 2308 Eam
1546 2230 1715 2324 Eccleirm

112 2378 191 2443 „ex
215 2353 401 2429 communi
425 2353 528 2450 lure,
568 2365 608 2427 vt
631 2364 815 2425 exemtam
842 2349 991 2445 probato
1016 2347 1099 2438 vsu,
1125 2350 1265 2428 visitare
1289 2352 1392 2428 illum
1421 2376 1496 2428 non
1523 2354 1630 2449 polle,
1664 2375 1714 2427 ne·

52 2567 58 2577 .
116 2497 219 2572 „que
252 2472 437 2547 Comitem
474 2469 739 2568 permissurum,
774 2490 858 2541 cum
890 2469 965 2560 jam
999 2466 1098 2562 super
1131 2495 1175 2544 ea
1199 2497 1238 2547 re
1266 2474 1311 2547 ad
1336 2470 1573 2548 Cardinalem
1594 2472 1708 2548 eluro

113 2594 236 2703 „tium
264 2589 434 2689 scripserit
461 2603 551 2667 etc:
595 2586 732 2665 Frustra
757 2589 794 2668 ἀ
821 2586 916 2660 male
938 2585 1090 2661 laborari
1112 2589 1174 2665 vbi
1194 2592 1314 2669 nullus
1334 2592 1469 2669 sindus
1496 2592 1705 2693 sequituretc

112 2714 183 2802 „si
208 2707 556 2788 administrationem
580 2706 899 2783 sacramentorum
927 2716 1073 2800 vrgeat.
1111 2706 1309 2789 dicendum
1341 2737 1388 2789 ex
1412 2712 1580 2794 Concilio
1609 2734 1710 2789 rerem

112 2835 180 2925 „id
204 2832 291 2919 elle,
338 2829 398 2905 sed
423 2848 543 2925 neque
570 2824 646 2920 post
671 2827 862 2923 Synodum
885 2823 1101 2922 postremam
1124 2827 1435 2907 constantiensem
1468 2834 1657 2933 quidquem
1681 2830 1711 2904 in

113 2979 187 3045 „ea
205 2949 363 3026 Ecclesia
378 2947 624 3023 immutatum.
675 2945 717 3021 Si
740 2945 945 3020 Concilium
967 2942 1019 3019 est
1043 2944 1080 3019 in
1102 2949 1205 3042 praxi
1230 2949 1267 3023 in
1289 2951 1360 3025 hac
1383 2976 1441 3040 re,
1466 2976 1579 3050 quare
1600 2950 1710 3028 nonin

112 3069 250 3158 „aliisi
287 3092 372 3147 cum
395 3078 520 3141 tamen
553 3065 591 3139 in
616 3063 831 3160 paucissimis
864 3064 1024 3139 seruetur
1048 3063 1103 3162 *).
1172 3068 1235 3145 Ad
1265 3072 1449 3144 cauendos
1486 3086 1610 3148 tamen
1643 3072 1661 3146 s
1700 3107 1711 3125 ·

55 3226 66 3269 .·
112 3192 248 3292 „pulos
276 3186 426 3265 omnino
452 3184 599 3281 expedit
625 3183 864 3257 Conselsarios
891 3187 928 3259 dr
955 3183 1240 3263 concionatores
1271 3184 1353 3285 ejus
1372 3188 1557 3267 Ec‘clefiae
1586 3188 1709 3271 &alm

114 3312 221 3399 „rius
246 3306 442 3385 l'arochiae
469 3303 514 3378 ab
536 3300 728 3379 Ordinario
753 3302 952 3403 adprobari
1050 3300 1053 3305 ’

210 3522 402 3622 „Septimm
458 3517 513 3614 {ln
547 3514 697 3591 litteris
736 3517 783 3592 au
820 3514 1051 3592 Cardinalem
1093 3520 1219 3613 paucis
1255 3523 1389 3620 lprutnui
1439 3525 1510 3600 ell'e
1543 3524 1709 3625 petendau

112 3641 466 3734 „Confirmationem
492 3635 667 3709 libertatis
697 3638 758 3715 seu
790 3634 1048 3712 Exemtionem
1091 3636 1186 3713 illius
1222 3640 1410 3716 Ecclesiae.
1488 3647 1598 3730 Quod
1621 3642 1709 3720 nuo

115 3767 333 3860 „sequantur
358 3758 442 3831 inde
464 3754 552 3831 satis
576 3753 753 3830 intricata.
830 3754 924 3838 Quis
950 3756 1049 3830 enim
1076 3758 1224 3834 deberet
1260 3759 1328 3833 esse
1360 3761 1594 3847 ordinarius,
1636 3760 1710 3837 illiur

114 3882 232 3969 „Loci
268 3874 461 3957 Visrtatori
505 3871 587 3971 quir
612 3873 727 3971 Judex
754 3875 792 3952 dr
819 3874 967 3949 Punitor
999 3874 1235 3952 delitiorum‘s
1283 3879 1366 3977 quie
1393 3881 1609 3978 adprobator
1636 3881 1709 3955 Cou-

115 3984 396 4092 „selsariorum‘l
451 4006 519 4068 etc.
562 4004 752 4091 propterea
791 3992 1017 4093 generalibus
1064 3996 1244 4070 duntaxat
1286 3999 1405 4073 verbis
1443 4001 1519 4077 sum
1560 4003 1634 4080 rsus
1665 4023 1712 4076 ue

45 4206 54 4225 ⁹
115 4146 214 4221 „que
238 4117 322 4194 heic
354 4113 486 4191 offendi
509 4108 636 4208 potest.
706 4108 852 4185 Pistorio
889 4113 1018 4187 diserte
1040 4117 1209 4189 renuntia
1240 4128 1277 4190 te
1308 4116 1383 4214 Juri
1416 4129 1483 4194 tuo
1515 4122 1555 4198 dr
1588 4122 1717 4220 probato

114 4252 184 4330 „vt
215 4235 348 4335 aliquid
374 4231 607 4316 detrahatur,
641 4227 793 4306 minime
824 4232 1009 4329 pasurum.
1062 4232 1226 4309 Remitto
1249 4236 1484 4319 Quaestione·
1509 4243 1657 4326 vestrae.
1688 4250 1718 4316 vt

117 4361 273 4449 „videas
307 4351 519 4433 rescribas,
557 4371 603 4422 au
635 4347 682 4422 nd
708 4361 834 4443 rogata
857 4351 1100 4451 responderim
1121 4346 1425 4437 &satisfecerim
1492 4360 1585 4438 Vale
1608 4366 1645 4442 dr
1667 4383 1718 4459 pro

116 4502 208 4569 „me
233 4498 304 4552 ora
357 4467 764 4561 28.Decembr.1592.

1573 4599 1724 4700 Sequue

159 4683 504 4779 wirmundi
