3736 5160
495 219 501 233 ·
718 180 1139 312 &commem
1693 226 1793 329 rs,

143 406 252 487 „nnn
268 401 400 470 tenore
412 392 650 491 praesentium
675 394 898 491 profitemur,
935 398 1032 495 quod
1047 397 1093 471 ob
1108 393 1257 470 salutem
1278 378 1456 491 propriam
1476 392 1515 473 dr
1538 389 1745 469 animarum
1797 460 1803 472 .

144 513 416 616 „progenitorum
431 511 633 589 nostrorum
640 511 825 589 Heiorinon
842 514 1007 611 Longum,
1029 515 1147 590 filiurn
1167 513 1351 613 quondam
1362 512 1471 593 Vlrici
1488 510 1585 608 longi
1599 512 1646 587 de
1660 509 1746 590 Ait·

148 632 319 727 „urbancb
343 629 597 726 (AEtreoang)
622 654 692 707 nos
714 631 823 708 titulo
846 633 1078 732 proprietatis
1102 631 1353 730 respicientem
1377 631 1669 714 manumifimus,
1704 629 1744 710 dt
1836 726 1838 730 p

150 755 262 853 „ipsum
285 748 505 831 Monallerio
532 749 571 825 in
593 749 807 845 Wingarten
837 752 896 827 cui
922 776 987 849 per
1016 753 1137 850 plnres
1167 774 1282 827 annos
1311 750 1492 849 frequenti
1515 751 1577 827 suo
1600 746 1743 842 semitio

153 873 273 963 „atrine
296 858 538 953 donauimus,
564 893 676 966 qnam
702 870 939 948 donationem
969 894 1033 970 pro
1058 870 1226 950 nobis&
1255 869 1449 947 heredibus
1475 869 1603 947 nolitis
1623 856 1743 946 ratam
1853 858 1865 883 '

156 993 204 1081 ,tlt
221 988 455 1067 inuiolabilem
479 984 650 1064 volumus
675 1001 849 1087 perpetuo
873 1013 1094 1086 permanere.
1144 992 1197 1077 In
1215 990 1319 1087 cujus
1344 988 1554 1067 donationis
1581 987 1742 1064 testimo·
1791 1008 1798 1033 *

156 1111 252 1201 „nium
276 1110 481 1207 praesentes
513 1106 653 1184 litteras
684 1100 746 1183 libi
784 1094 953 1185 dedimus
991 1109 1099 1184 nostri
1134 1109 1233 1215 sigilli
1265 1109 1467 1186 munimine
1504 1107 1741 1203 contignatas.

154 1228 540 1447 „fflnamsiprmb'loertnm
563 1226 676 1305 Anno
697 1227 773 1306 Dni
792 1227 917 1308 Millmo
942 1238 1093 1307 trecent
1115 1228 1283 1310 vicesimo
1304 1240 1432 1331 quarto
1456 1226 1517 1305 die
1535 1226 1646 1310 XVll.
1664 1225 1740 1303 ou.

156 1400 174 1436 u
250 1405 258 1425 ·
417 1399 459 1437 0„
972 1438 980 1449 s
1556 1400 1560 1405 ·
1606 1384 1610 1399 ¹
1640 1438 1644 1445 ,

214 1576 223 1583 -
277 1629 343 1710 Ad
365 1652 504 1710 annum
530 1654 637 1732 1334.
663 1631 708 1712 ab
732 1628 876 1713 Eodem
902 1628 1001 1711 aliud
1027 1632 1065 1710 in
1095 1566 1189 1713 hirec
1207 1636 1316 1717 verba
1339 1600 1453 1713 halle:

220 1823 312 1913 ‚Nos
335 1822 508 1901 Heracus
536 1816 599 1902 Dei
618 1833 726 1921 gratia
751 1821 913 1903 Bosmnsm
936 1827 980 1916 ὁ*
1005 1826 1149 1904 Priantae
1174 1829 1264 1917 Rex,
1298 1820 1512 1917 Karinthiae
1531 1816 1635 1907 Dux,
1667 1815 1741 1915 'ly-¹
1816 1856 1819 1861 ·

159 1940 292 2029 „nitdt
323 1943 491 2021 Guriciae
516 1941 654 2027 Comes
678 1957 745 2021 etc.
778 1930 901 2043 patere
926 1944 1094 2024 volumus
1115 1948 1367 2047 praesentium
1378 1940 1632 2042 lnspesioribus
1659 1934 1741 2016 vni·

162 2062 259 2146 „redu
281 2077 355 2141 tarn
380 2059 527 2161 posteris
546 2087 659 2164 quam
686 2064 872 2141 modernis
895 2067 993 2163 quod
1020 2066 1080 2161 pie
1095 2050 1319 2144 ¹deuotionis
1343 2061 1530 2140 incentino
1555 2057 1648 2135 moti
1675 2079 1739 2134 ve·

168 2184 305 2267 „mnne
322 2179 605 2280 Congregationi
634 2180 801 2260 Fratrum
830 2179 870 2260 ln
899 2184 1115 2281 Wingarten
1153 2178 1239 2264 Ord.
1272 2186 1310 2262 S.
1340 2180 1529 2264 Benedicti
1553 2166 1738 2254 Dioecelis

166 2298 284 2387 ,cote
311 2301 399 2383 Vini
426 2304 622 2380 Carradam
636 2325 762 2392 unam,
787 2328 897 2404 quarn
919 2304 1002 2403 ipsrs
1026 2305 1116 2385 alias
1141 2305 1270 2386 dilesta
1294 2306 1393 2408 nostro
1414 2305 1509 2379 Soror
1526 2306 1640 2395 mepta
1657 2291 1737 2408 Offi-

86 2516 88 2521 .
156 2428 213 2508 „rt
229 2422 347 2525 stads
378 2416 563 2500 demolitae
587 2423 670 2500 suae
693 2422 789 2501 vitae
817 2444 882 2522 pro
910 2437 1072 2523 tempore
1099 2440 1164 2525 per
1196 2426 1300 2505 suurn
1331 2420 1556 2524 priuilegium
1586 2414 1735 2517 speciale
1777 2418 1784 2437 ²
1822 2418 1826 2431 “

148 2540 318 2627 „blomne
340 2542 580 2639 dignoscitur,
630 2566 723 2640 quae
747 2543 894 2642 quidem
923 2540 1081 2623 Carrada
1108 2546 1294 2646 periples
1321 2545 1452 2631 fratres
1475 2539 1579 2618 nobis
1607 2559 1650 2612 ac
1680 2533 1736 2611 di·

144 2662 225 2749 ,lite
237 2662 360 2741 sorori
384 2661 493 2769 nostri
521 2664 599 2758 jure
622 2664 826 2740 aduocatali
849 2665 1017 2741 debonis
1038 2666 1192 2762 ipsorum
1214 2665 1252 2742 in
1270 2666 1420 2740 Lonrnm
1446 2658 1606 2754 Singulis
1628 2653 1736 2729 annis

142 2782 223 2869 ‚dul
247 2781 434 2860 consueuit
455 2793 629 2880 perpetuo
654 2778 881 2868 indulsimus,
905 2784 1035 2883 eisque
1055 2789 1209 2864 eandem
1232 2776 1460 2882 proprietatis
1489 2802 1532 2854 ac
1557 2796 1669 2875 purae
1696 2773 1737 2850 de
1823 2810 1826 2815 ·

140 2898 310 3002 „suplicio
327 2898 542 2981 Donationis
566 2901 673 2977 titulo
696 2898 978 2979 irreuocabiliter
1001 2902 1244 3002 praesentibus
1272 2902 1420 2980 adscribi
1442 2895 1654 2977 maluimus,
1687 2886 1735 2965 lic
1830 2930 1839 2949 x

139 3026 241 3122 eoquod
267 3021 443 3121 deinceps
480 3021 610 3097 eadem
633 3018 792 3097 Carrada
815 3044 878 3114 per
909 3022 1024 3119 distes
1050 3023 1180 3099 fratres
1211 3022 1249 3100 in
1283 3019 1497 3099 memoriam
1534 3008 1644 3090 nostri
1669 3032 1735 3106 pro
1808 3006 1811 3011 ’

109 3152 215 3227 ,Μ
235 3141 411 3235 sacrificali
432 3141 564 3216 eodem
590 3134 627 3213 in
659 3139 845 3217 Coenobio
870 3124 1122 3239 perpetualiter
1146 3138 1375 3219 ministretur.
1425 3135 1567 3213 Harum
1596 3132 1656 3209 snb
1679 3139 1734 3206 te·

140 3259 309 3348 ..limonio
334 3261 556 3336 litterarum
581 3257 690 3333 nostri
717 3260 909 3357 pendentis
934 3258 1032 3356 figilli
1057 3261 1264 3337 munimine
1288 3258 1546 3339 roboratarum.
1596 3249 1736 3326 Datum

140 3378 285 3479 „sprolis
306 3382 417 3459 Anno
442 3378 517 3454 Dni
542 3376 665 3454 llillmo
699 3376 948 3458 trecentesimo
982 3378 1159 3460 tricefimo
1189 3391 1297 3478 pardo
1328 3383 1380 3456 die
1410 3376 1505 3451 XXL
1527 3371 1634 3467 moyn
1663 3368 1736 3446 No·
1806 3372 1809 3377 ’

139 3508 277 3585 »Nm
298 3498 409 3579 Inda&
433 3502 584 3579 Secundo·
673 3579 691 3589 ,-

165 3766 168 3771 ’
210 3779 549 3903 Priuilegii,cnjus
569 3779 654 3858 heic
686 3775 728 3858 fit
753 3774 911 3870 mentio,
938 3802 960 3860 a
981 3783 1090 3861 Serere
1109 3778 1222 3881 Offirrto
1247 3784 1344 3875 dati,
1367 3779 1430 3861 hic
1445 3793 1549 3863 tenor
1568 3773 1638 3855 etr
1791 3800 1794 3812 ..

209 3982 311 4072 „Nos
334 3976 448 4075 Offrraia
469 3977 537 4053 Del
558 3968 829 4070 praenuntia
853 3968 1089 4064 Kerinthiae,
1115 3970 1301 4057 comitissa
1318 3974 1463 4078 Tyrolis
1488 3977 1526 4054 de
1545 3966 1733 4083 Goriclae,
1786 3914 1789 3919 Ι
1832 4061 1835 4065 p

132 4102 297 4201 „aquileg
318 4100 466 4176 trident.
490 4087 740 4173 &Brinieufis
758 4084 995 4185 Ecclesrarum
1021 4092 1215 4173 Adnotatu
1237 4111 1361 4195 patere
1385 4097 1551 4176 volumus
1572 4088 1735 4194 praesen·

132 4221 241 4307 „tium
271 4217 526 4318 inspetioribus
546 4210 736 4302 vniuerfis,
756 4213 854 4310 quod
874 4236 943 4289 nos
966 4214 1005 4289 in
1029 4217 1234 4293 remedium
1254 4218 1522 4315 progenitorum
1535 4213 1735 4290 nostrorum

87 4382 92 4391 ·
128 4330 189 4425 adt
203 4334 321 4429 nostri.
341 4342 379 4420 dr
392 4337 432 4414 in
448 4335 595 4413 salutem
611 4333 727 4411 totius
739 4332 935 4411 comitatus
956 4333 1003 4410 de
1017 4334 1113 4432 tyrol
1134 4337 1341 4414 venerando
1360 4336 1588 4412 coenobiolo
1605 4330 1734 4413 Wein·
1849 4404 1851 4409 ,

127 4472 271 4554 „garten
295 4483 339 4537 ac
366 4457 479 4535 etiam
509 4453 758 4530 inhonorem
786 4445 983 4532 sanitatum
1026 4454 1258 4554 reliquiarum
1297 4446 1434 4532 ibidem
1473 4456 1732 4555 depostarum,

126 4576 345 4677 »specialiter
364 4590 489 4656 tannn
510 4573 551 4652 in
574 4572 859 4659 venerationem
880 4577 1067 4672 sacrosantis
1090 4579 1261 4674 Sargar'ro‘s
1282 4580 1433 4657 nomm
1470 4598 1541 4654 nec
1565 4601 1638 4654 non
1664 4577 1736 4655 ml-

1632 4718 1735 4786 »ΠΜ
1850 4744 1853 4749 ’
