3736 5160
713 206 1162 309 emam*
1332 300 1335 307 .
1569 248 1577 255 ·
1682 222 1755 312 rra·

130 426 213 480 eura.
266 397 310 478 Si
325 394 429 501 sciret
448 396 484 473 in
494 393 717 501 particulari,
740 398 797 493 qui
819 394 872 472 uel
892 397 1058 470 minimum
1082 391 1251 470 moliretur
1271 406 1387 469 contra
1414 416 1489 481 nor,
1514 393 1756 494 amaturumse

121 518 222 621 sere,
246 522 286 596 rit
309 530 375 595 non
393 520 441 619 fit
459 538 540 618 oput
561 515 660 591 talem
683 518 792 592 uenire
811 512 859 589 ad
876 508 915 590 S.
938 510 1071 588 Petrmn
1090 513 1139 617 ad
1151 515 1344 612 sumendam
1363 518 1610 613 poenitentiam,
1628 511 1756 613 seleinc

129 640 219 727 ilinc¹
231 638 488 739 sufficientifflmc
523 635 756 712 Coereliionem
787 630 1069 733 trancrmffierum:
1110 630 1308 732 Episcopum
1337 634 1551 734 Bafiseensem
1577 636 1672 734 som
1699 635 1776 710 de.-

129 773 261 859 ceptum.
283 755 465 857 runmribue
487 767 603 830 contra
622 752 818 831 Societatem
833 752 962 853 sparfir
984 765 1049 828 cto.
1096 750 1376 853 interrogaremus
1399 757 1485 830 inter
1502 754 1593 831 alia:
1616 779 1661 829 an
1675 752 1756 830 Lit
1864 834 1867 839 ,

129 890 220 959 teras
245 875 293 952 ab.
313 890 447 972 utroque
465 873 577 950 ordine
596 871 706 949 nullas
730 868 921 972 acceperit?
947 864 1129 971 respondit,
1147 872 1187 972 se
1206 856 1316 974 nullas
1338 872 1468 975 vidisse,
1499 872 1541 950 ii
1549 877 1584 977 st
1601 901 1661 951 nos
1675 876 1773 979 istm

126 984 419 1097 'rumaegumcma
437 993 598 1093 sciamus,
615 976 765 1094 ¹gratum
784 994 864 1091 socc
890 992 952 1067 illa
977 1016 1021 1065 cx
1048 988 1148 1067 nobic'
1165 992 1355 1092 intelligere.
1404 992 1605 1093 Aperuimue
1630 982 1752 1095 aliqua,

127 1108 171 1192 il
187 1118 224 1190 in
240 1114 351 1216 specie
377 1112 439 1189 dno
465 1112 571 1189 merlin
591 1097 817 1213 proposuimuc
835 1109 879 1186 alr
908 1110 978 1211 ipso
1004 1126 1168 1207 tamquam
1192 1106 1367 1211 Superiora
1389 1110 1528 1189 Puteum
1556 1111 1750 1194 adhibenda.

125 1230 294 1323 Primum,
319 1246 358 1309 ut
380 1231 446 1334 ipse
461 1231 625 1334 'Pontifici
645 1229 687 1308 ΕΞ
713 1228 851 1331 Caesari
864 1230 1055 1332 fignificari
1076 1212 1191 1329 saciat
1217 1230 1493 1332 mentem-suam:
1525 1232 1761 1315 attestanti:

118 1352 264 1456 splicere
279 1352 368 1456 fibi,
391 1357 525 1451 quaein
548 1354 615 1454 istis
628 1352 768 1452 scriptis
788 1355 991 1452 continentur
1008 1365 1124 1427 eontra
1149 1351 1279 1427 ordines
1300 1354 1450 1450 annquos
1462 1381 1475 1436 ,⁰
1506 1348 1753 1441 translationem

128 1472 270 1551 Ordinis
293 1471 341 1573 ad
363 1470 520 1549 Ordinem
542 1498 599 1546 nec
625 1471 701 1574 esse,
724 1466 781 1548 nec
799 1475 878 1572 fiere
893 1466 962 1572 fibi
989 1483 1144 1569 gratam,
1176 1482 1286 1569 utpote
1312 1470 1540 1548 amicitiae&
1567 1466 1752 1553 cmriccris
1822 1456 1827 1463 ⁵

124 1592 311 1695 offenfiuam
330 1603 389 1668 etc.
408 1590 601 1689 secundum,
621 1591 711 1690 serio
738 1588 881 1667 inleilecre
896 1590 970 1690 seeis
994 1588 1078 1664 tales
1101 1603 1252 1678 conatus,
1279 1594 1455 1692 praecipue
1482 1590 1570 1681 illis,
1602 1596 1657 1690 qui
1677 1590 1751 1672 ue'r·

112 1711 239 1819 santam
261 1714 297 1786 in
318 1710 403 1786 aulis
421 1708 630 1808 Principum,
655 1708 697 1787 El
717 1712 772 1807 qui
793 1709 964 1785 contrairi
977 1710 1145 1806 fecerint,
1165 1713 1339 1810 corrigere.
1389 1709 1549 1788 Policituc
1571 1717 1613 1814 ess
1634 1705 1757 1801 multa,

113 1831 273 1933 ficumque
294 1855 426 1930 operam
453 1828 494 1906 Ei
513 1831 618 1928 officia
634 1831 869 1933 promptiffima
888 1827 1023 1917 obtulit,
1046 1830 1182 1929 gratum
1197 1827 1266 1932 sthi
1280 1834 1434 1929 saturum
1457 1830 1611 1933 afferens,
1628 1834 1661 1933 fi
1670 1834 1749 1933 plu·

119 1977 175 2029 rec
189 1949 326 2051 suorum
348 1948 487 2035 Patrum
510 1962 625 2025 cantra
654 1974 713 2027 noe
738 1949 876 2050 offensas
898 1951 932 2025 in
954 1948 1158 2049 particulari
1176 1946 1243 2049 fibi
1256 1952 1483 2051 fignificnturi
1495 1955 1607 2054 finuu
1646 1950 1750 2031 Notis

102 2064 264 2146 'macerit
285 2068 339 2156 id,
365 2069 451 2167 quod
469 2067 508 2145 P.
534 2062 679 2169 Capitoli
701 2069 878 2167 aliqnando
900 2082 1016 2145 caretro
1036 2095 1095 2147 nos
1119 2069 1224 2145 dicere
1247 2070 1379 2147 auditio
1403 2075 1445 2173 esi
1457 2100 1470 2153 ‚·
1498 2066 1562 2172 scel
1585 2097 1624 2146 en
1650 2078 1690 2148 de
1711 2098 1748 2151 re

116 2180 175 2264 lese
203 2190 394 2265 mentionem
412 2191 547 2288 facere,
589 2190 766 2290 consultum
794 2215 858 2266 non
883 2188 1064 2266 uidebatur.
1112 2188 1155 2269 Si
1172 2186 1364 2267 Paternitas
1386 2194 1489 2291 nestra
1512 2186 1747 2295 Riuermdiffl·

115 2333 174 2385 rna
191 2308 319 2411 similia
342 2312 377 2384 in
401 2308 601 2409 particulari
620 2312 681 2411 ipfi
693 2307 875 2407 scribenda
893 2313 1085 2409 putauerit,
1106 2313 1202 2410 sorte
1228 2336 1299 2385 cum
1318 2309 1432 2407 studio
1447 2312 1567 2411 saciet.
1630 2308 1745 2411 Caete-

109 2416 192 2507 rum
214 2432 349 2505 axioma
378 2433 420 2530 eJl
447 2426 499 2504 tic
528 2428 728 2526 aliquorum,
751 2426 872 2505 Patres
892 2429 1069 2531 Societatis
1090 2431 1125 2505 in
1148 2434 1215 2532 islis
1237 2432 1376 2530 negotiis
1401 2428 1531 2530 perblice
1564 2429 1672 2516 nilis,
1703 2431 1745 2510 Θ

113 2552 226 2627 omnia
242 2553 368 2648 facere.
422 2547 537 2646 Itaque
564 2548 655 2624 nulla
682 2552 743 2651 ipfi
766 2548 969 2651 Monasleria
994 2562 1128 2652 petunt,
1152 2548 1216 2653 sed
1236 2546 1408 2650 Rineipee
1432 2563 1559 2650 petunt.
1618 2542 1743 2653 Speia·

114 2694 188 2745 mue
213 2683 321 2746 tamen
346 2695 410 2745 non
441 2670 551 2743 onmia
574 2666 770 2745 obtenturos.
796 2682 856 2747 cte.
907 2667 1371 2775 Romae13.Julii1030.

510 2839 529 2889 ί

207 2956 348 3033 interea
371 2954 543 3056 jesuitae,
578 2954 617 3035 de
645 2976 731 3054 prae
756 2952 887 3033 ceteris
912 2952 982 3031 PP.
1006 2955 1152 3033 Paulson
1177 2956 1369 3055 Laymann
1396 2956 1435 3036 do
1461 2954 1739 3052 EugeniunLn·

112 3078 255 3167 nanda,
278 3077 418 3153 conscio
445 3100 554 3176 quam
578 3075 767 3153 cenisssrne
790 3075 854 3151 iao
881 3074 1069 3166 Generali,
1101 3101 1123 3153 a
1151 3077 1288 3174 scriptis
1310 3076 1381 3151 suis
1406 3076 1635 3170 diuulgandis
1665 3100 1737 3155 non

109 3209 259 3275 tannim
279 3221 354 3272 non
381 3194 612 3283 desistebant,
637 3193 696 3272 led
717 3195 798 3272 asiis
818 3195 1052 3292 superadditis
1077 3209 1155 3276 tam
1176 3196 1422 3280 celeri-semul,
1452 3199 1491 3273 dr
1512 3196 1655 3271 occuito
1676 3219 1754 3301 per
1812 3258 1815 3262 ,

111 3318 160 3393 de
180 3317 331 3411 gradum
349 3316 629 3412 promanabant,
656 3327 696 3392 vt
722 3327 840 3393 toturn
866 3317 923 3407 sui·
933 3317 1079 3397 Ordinis
1104 3319 1276 3394 meritum
1300 3318 1337 3390 in
1367 3315 1527 3413 nunquia
1552 3317 1736 3395 ordinibus

109 3437 261 3535 publice,
285 3433 517 3511 diffamandis
542 3433 755 3531 constituisse
780 3436 999 3514 viderentur.
1057 3438 1220 3514 ‘Abbates
1245 3436 1353 3513 nostri
1374 3438 1504 3511 harum
1527 3434 1736 3531 Calumnia-

110 3578 193 3632 rum
222 3554 480 3641 refutationem
501 3554 535 3628 se
562 3552 763 3651 &publico
788 3559 826 3633 dr
852 3554 1034 3649 Religioni
1059 3557 1188 3632 debere
1210 3554 1397 3643 arbitrati,
1427 3578 1499 3629 uon
1529 3551 1733 3653 potuerunt.

108 3675 200 3775 quin
227 3673 438 3772 jesuitarum
469 3673 566 3755 vias,
597 3674 763 3763 lacunas,
802 3677 841 3754 dc
859 3676 1150 3753 machinationes
1173 3675 1392 3773 detegerent.
1441 3671 1572 3769 Calpur
1598 3673 1736 3774 Schopa

105 3794 212 3893 psus,
238 3803 302 3869 aut
321 3792 418 3891 quod
441 3791 540 3869 idem
558 3793 626 3880 est,
651 3793 826 3893 Scsnppue
850 3795 898 3869 ad
917 3818 985 3872 nos
1006 3818 1177 3896 perquam
1210 3794 1409 3892 opportune
1429 3818 1463 3891 4.
1483 3792 1642 3891 Januarii
1669 3818 1734 3876 an·

105 3938 158 3991 no
188 3924 290 4008 ¹⁶31·
319 3911 479 3999 delatus,
504 3912 600 3987 hanc
622 3912 659 3988 in
687 3914 721 3987 se
748 3913 985 3991 lubentissime
1006 3914 1152 4013 suscepit
1171 3911 1416 3997 Prouinciam,
1444 3935 1650 4012 paucosque
1677 3915 1736 3990 in-

107 4048 166 4112 tra
190 4034 333 4110 Menses
359 4033 457 4128 apud,
477 4053 544 4106 nos
565 4030 661 4107 suam
683 4033 909 4132 Aslrologe'aru
940 4034 1214 4137 Ecclestajsicanr,
1246 4050 1341 4129 eripere
1370 4037 1488 4132 astrum
1514 4031 1731 4133 irrexsliniium'i

105 4153 326 4251 composuit,
351 4175 422 4248 quo
447 4150 517 4225 soso
542 4153 660 4225 nescio
682 4155 852 4253 untionis,
878 4180 923 4230 an
945 4156 1063 4251 operit
1084 4177 1228 4229 rumore
1251 4165 1352 4253 totns
1380 4153 1590 4249 jesuitarum
1621 4154 1729 4241 orbis,

104 4270 205 4371 qnafi
231 4270 422 4349 fulminum
454 4271 707 4347 vibrandorum
737 4272 933 4370 praescius,
964 4277 1018 4350 ita
1042 4272 1276 4354 eorrttemnit,
1314 4281 1353 4345 ut
1377 4271 1596 4366 tempestatis
1622 4273 1731 4368 husun

102 4393 231 4470 minus
262 4412 284 4463 a
314 4390 348 4463 se
384 4384 618 4475 amoliturus,
650 4390 787 4488 asylum
815 4391 852 4468 in
891 4393 1101 4470 austoritate
1134 4390 1268 4465 Nuntii
1305 4390 1538 4465 Lucernenses
1570 4394 1732 4490 petendo·

102 4523 310 4617 quaereret,
337 4512 373 4589 dc
398 4511 605 4608 quaerendo
630 4510 665 4586 se
689 4512 863 4601 inuenisse
888 4513 1059 4589 crederet.
1111 4510 1191 4587 Hoc
1220 4524 1363 4587 certum
1384 4511 1449 4598 est,
1476 4512 1574 4609 quod
1603 4513 1661 4588 hic
1685 4514 1727 4588 si-

927 4633 962 4708 tt
982 4632 1044 4707 kk
1067 4654 1090 4725 3
1655 4635 1727 4718 ber,
