3742 5160
267 74 284 117 k

267 138 295 173 ’Ν

685 240 1106 330 *wopand*
1349 282 1352 289 ·
1545 352 1549 357 ¹
1637 258 1811 337 sta..

73 426 227 505 dabant,
248 420 393 521 eoquod
414 427 584 495 concreta
606 416 663 494 Sa
682 417 886 513 Sanguinis¹
901 414 1009 493 maiia
1033 428 1088 491 tot
1103 415 1321 493 saeculorum
1337 415 1458 502 cursu,
1481 416 1710 497 nuncetiam

70 532 285 619 linero'aori
313 539 471 637 expofita
490 538 577 637 eliet
601 541 826 626 conseruata,
852 561 922 613 nec
940 536 1055 614 ullum
1082 537 1342 613 detrimentum
1376 548 1445 612 aut
1462 538 1706 619 mutationem

69 662 164 763 palla
189 650 326 783 stillet.
366 660 469 747 Quae
492 682 552 736 res
572 658 666 735 hant
687 656 762 735 line
787 656 957 758 prodigio·
975 656 1072 754 gesta
1094 657 1226 734 merito
1250 661 1476 737 credebatur.

164 900 411 1013 Annorhrm.
448 921 502 975 rr.
534 834 715 975 lionemb.
747 897 794 974 ad
824 894 1058 976 Celsrllrmum
1092 896 1361 994 Marisburgum
1401 846 1576 995 pertenit,
1617 838 1703 973 cum

70 1046 115 1098 eo
140 1020 178 1099 dr
203 1022 238 1097 in
273 1018 354 1115 eiua
386 1014 737 1115 praesentiendum
769 1017 983 1098 vilitationis
1016 1016 1242 1095 Monmicae·
1269 1018 1308 1094 in
1340 1019 1460 1121 Argia
1493 1018 1610 1094 Diuite
1646 1016 1703 1093 su·

69 1144 281 1243 scepturus,¹
295 1139 393 1239 qnod
408 1138 455 1217 dr
474 1138 609 1217 futrum
633 1137 695 1217 est.
1420 1130 1429 1149 ⁸

162 1352 245 1454 Hac
271 1362 405 1454 otiam·
427 1374 614 1457 oc'oalione
644 1372 750 1453 int'er-
770 1384 1015 1455 memoratum
1054 1373 1332 1475 Principem&
1362 1372 1577 1473 Episcopum
1613 1394 1699 1451 cum

66 1496 212 1574 Abbate
236 1494 356 1573 nostro
392 1497 439 1573 de
469 1496 631 1573 ferendis
661 1498 708 1573 ad
741 1495 953 1591 erigendum
987 1497 1207 1593 Marisburgi
1238 1494 1457 1573 Seminarium
1497 1494 1698 1570 Clericorum

56 1598 279 1716 surcularium
302 1606 471 1715 suppetiis
494 1617 614 1693 atium
640 1616 709 1702 eli,
736 1628 846 1712 atque
870 1615 967 1690 inter
990 1640 1055 1691 eos
1077 1627 1219 1713 praeter
1243 1616 1421 1714 quasdam
1448 1612 1537 1688 aliae
1561 1612 1600 1689 iri
1627 1612 1697 1689 has
1734 1670 1742 1681 .

38 1736 184 1839 ⁴Leges
209 1737 446 1815 conuentum
471 1736 551 1813 fuit.
619 1760 649 1813 r.
674 1738 800 1814 Abbao
829 1720 1112 1831 weingartensis
1142 1735 1301 1834 quinque
1331 1736 1550 1811 florenorum
1582 1731 1697 1809 millia
1790 1756 1804 1767 ·

63 1859 111 1932 ad
136 1856 382 1934 Seminarium
405 1855 666 1934 instituendum
685 1878 755 1931 ceu
777 1856 916 1931 donum
942 1857 1141 1951 gratuitum
1171 1857 1342 1932 conferet.
1422 1878 1455 1928 2.
1482 1853 1604 1928 Tituio
1627 1853 1695 1927 Se·
1738 1898 1743 1909 ·

61 1976 207 2053 minarii
240 2001 262 2053 a
295 1974 628 2072 Weingartenfibus
641 2028 644 2033 -
659 1975 832 2072 deinceps
865 1974 959 2055 ultra
993 1975 1084 2051 nihii
1117 1976 1292 2072 exigatur.
1357 1996 1391 2068 3.
1415 1972 1506 2050 Illud
1532 1985 1694 2072 -quonrum

61 2117 250 2193 nunquam
274 2097 345 2173 alio
376 2096 458 2171 calu
483 2094 700 2171 Monalierlo
733 2094 853 2170 nostro
886 2094 1148 2193 praejudicium
1180 2108 1289 2172 creet.
1355 2118 1391 2191 4.
1414 2094 1496 2171 Hae
1517 2091 1693 2193 pecuniae

62 2215 174 2290 nullis
207 2215 289 2291 aliis
323 2239 434 2314 quam
459 2214 652 2291 Seminarii
686 2212 804 2292 vfibus
829 2215 1062 2315 applicentur.
1128 2241 1163 2310 5.
1188 2217 1307 2293 Cenlu
1331 2239 1453 2292 annuo
1474 2236 1539 2313 per
1563 2215 1692 2290 decem

61 2347 127 2409 aut
155 2335 349 2411 duodecim
385 2357 502 2410 annos
535 2334 648 2412 soluto
678 2332 831 2413 liberum
866 2334 910 2411 srt
940 2336 1157 2414 Monasterio
1190 2348 1254 2412 ant
1286 2338 1462 2415 summam
1499 2332 1692 2431 capitalem

57 2454 260 2550 persoluere
287 2467 351 2530 aut
375 2454 521 2530 censum
547 2476 611 2550 pro
634 2453 738 2529 libitu
764 2457 987 2532 continuare.
1039 2466 1071 2536 b.
1099 2457 1140 2532 Si
1165 2456 1410 2532 Seminarium
1437 2456 1561 2552 (quod
1588 2454 1690 2529 Deus

56 2571 174 2666 nolrt)
200 2585 264 2646 aut
287 2572 466 2657 definere,
493 2586 558 2646 aut
582 2573 798 2650 in'aliorum
820 2598 952 2651 manus
977 2577 1166 2672 peruenire
1191 2576 1434 2671 contingeret,
1461 2574 1600 2649 summa
1630 2595 1689 2649 ca·

55 2690 178 2788 pitalis
213 2690 688 2765 Monasterio.refuudatur.
753 2714 786 2785 7.
812 2690 852 2765 In
884 2692 1125 2767 admittendis
1159 2695 1205 2766 ad
1236 2690 1482 2772 Seminarium
1513 2690 1688 2768 Alumnis

56 2807 248 2906 praecipua
287 2804 614 2900 Weingartenlium
659 2804 898 2884 Subditorum
941 2809 1002 2883 leu
1039 2809 1316 2885 candidatorum
1362 2814 1543 2909 habeatur¹
1581 2812 1685 2890 ratio.

53 2929 187 3006 nuum
215 2927 354 3025 Heguur
379 2950 434 3000 20.
460 2925 640 3001 Noudmb.
665 2948 762 3001 anno
784 2948 892 3024 1737.
915 2924 1073 3031 1,Joorurrs
1095 2928 1293 3028 drauciscur
1315 2929 1501 3030 Episcopus
1528 2931 1684 3031 Conslan-

54 3051 162 3148 tr'rrrfir
187 3045 227 3123 Θ
252 3045 473 3149 Augustanus.
523 3044 679 3143 Mpprio.

151 3285 292 3362 Eodem
319 3306 416 3360 anno
439 3281 556 3382 prima
581 3282 794 3361 Decembris
818 3286 878 3362 die
902 3286 1095 3366 Dominica
1117 3290 1142 3365 Ι.
1174 3291 1372 3367 Aduentus
1401 3290 1551 3369 Domini
1584 3284 1682 3371 cir'ca
1747 3286 1754 3311 ¹

53 3404 288 3480 undecimam
314 3404 429 3481 nuliis
462 3403 590 3479 boram
624 3404 808 3480 trillillima
844 3406 929 3493 sese,
968 3411 1137 3486 omnibus
1177 3412 1299 3488 lomno
1336 3411 1501 3510 sepultis,
1540 3412 1682 3512 aperuit

51 3526 168 3602 scena.
215 3524 393 3600 Exortum
419 3523 591 3599 nimirum
615 3523 666 3603 est
689 3523 855 3601 Tonsoris
884 3529 1023 3605 incuria
1053 3530 1089 3605 in
1122 3532 1319 3609 conuentu
1352 3533 1679 3631 periculosrffimuin

51 3645 285 3732 incendium,
309 3668 382 3742 qno
407 3656 525 3720 totum
551 3644 808 3722 Monalierium
831 3669 916 3723 cum
933 3650 1163 3728 ob·locorum
1191 3652 1387 3750 angustias,
1411 3667 1489 3732 turn
1515 3659 1562 3733 ob
1577 3657 1678 3734 renti

50 3766 269 3863 quandoque
292 3763 415 3841 flantis
441 3763 619 3861 impeturn
643 3765 681 3841 in
707 3769 1097 3869 rogumredigendum
1129 3774 1336 3849 timebatur.
1399 3775 1454 3852 At
1478 3776 1547 3852 Dei
1574 3778 1677 3855 mile·

50 3884 205 3961 ricordia
229 3883 409 3961 clamante
434 3907 497 3983 pro
522 3887 630 3961 nobis
656 3886 703 3963 ¹ad
733 3886 875 3964 coelum
908 3890 955 3964 Ss
992 3891 1177 3987 Sanguine
1209 3892 1341 3969 Christi
1371 3895 1499 3971 seruati
1531 3896 1674 3983 sumus,

48 4004 174 4079 exuiio
199 4006 379 4082 duntaxat
412 4028 482 4082 vno
516 4005 730 4083 Scholarum
763 4010 877 4085 traliu
898 4032 921 4083 a
946 4024 1047 4108 porta
1077 3992 1292 4088 Conuentus
1326 4015 1373 4090 ad
1405 4014 1610 4094 inferiorem
1640 4018 1674 4093 l'e

47 4124 196 4200 hortum
224 4126 473 4220 protendente.
535 4126 685 4205 Viorum
712 4128 803 4202 lraut
828 4130 934 4225 pauci
963 4128 1206 4229 testimonium
1233 4135 1376 4221 dixere,
1412 4147 1563 4211 ventum
1588 4137 1675 4214 data

48 4267 96 4317 ex
120 4242 267 4338 Capella
291 4244 327 4319 S.
342 4244 565 4322 Catlrarinae
589 4266 674 4323 cum
699 4248 756 4324 Sa.
779 4246 966 4344 Sanguine
988 4262 1113 4326 contra
1137 4251 1259 4348 ignem
1284 4255 1532 4333 beneditiione
1557 4254 1672 4334 subito

10 4450 19 4467 .
47 4360 249 4437 consedilie.
298 4363 455 4439 Durauit
481 4366 690 4445 incendium
716 4367 752 4443 in
778 4367 931 4446 alterum
954 4393 1069 4468 usque
1094 4372 1210 4456 diem,
1248 4373 1295 4450 ad
1317 4398 1426 4473 quem
1449 4376 1671 4472 restinguen-

44 4483 134 4557 dum
160 4478 198 4557 u
221 4505 269 4556 ne
293 4481 441 4560 ulterius
470 4487 622 4584 lerperet
644 4488 948 4587 praepediendum
964 4503 1103 4588 praeter
1125 4491 1265 4569 noliros
1286 4516 1431 4592 operam
1455 4496 1555 4573 suam
1569 4520 1669 4593 egre·

42 4599 360 4700 gie'contuierunt
383 4604 494 4685 vicini
514 4604 793 4700 Aitdorffenleo,
817 4610 1093 4705 Albaugienses,
1117 4612 1358 4707 Baiudeulem
1390 4614 1555 4715 inprimis
1583 4638 1668 4691 vero

699 4772 711 4785 -
865 4726 962 4812 Zzz
1518 4733 1670 4811 Reuert-
