3736 5160
722 177 1145 273 eumuna·
1211 175 1216 191 ’
1560 160 1574 247 ’.
1708 191 1761 289 ιι,

116 367 191 456 „ab
216 363 273 439 Eo
303 357 468 457 suscepit,
500 356 598 456 quod
624 355 709 432 cum
733 359 841 434 Pater
860 357 950 455 Ejus
972 357 1197 460 percepillet,
1215 364 1332 434 ¹ratus
1359 355 1595 436 Nobilitatenr
1627 342 1748 445 suam]
1816 413 1832 426 .

113 489 187 576 „br
214 484 417 562 libertatem
441 478 553 554 nimis
579 475 647 550 elle
681 477 926 568 declinatam,
971 470 1462 579 ultraquam'-credi=·poll1t,
1502 477 1760 576 consternatus·

113 605 275 695 „animo
298 600 461 677 dolorem
482 598 586 675 suurn
611 596 778 674 omnibus
810 599 904 675 caris
927 598 999 677 suis
1021 599 1201 700 exposuit,
1241 599 1280 677 δι
1306 598 1471 676 allumtis.
1491 599 1566 676 Xll.
1596 622 1644 674 ex
1673 598 1746 674 illis

116 714 234 820 „tnfro
256 723 415 797 Mamurra
436 721 483 796 ad
507 717 661 805 Villam,
685 741 777 813 quaa
792 719 925 796 dicitur
948 722 1151 817 sirulugum,
1185 718 1363 816 regalibus
1384 718 1580 795 Beneficiis
1605 721 1644 798 bu
1665 716 1751 794 Pol'·

119 903 142 935 „
154 842 357 921 lellronibus
377 839 556 916 ditillrmis
577 837 708 915 relitlis
722 838 851 937 sacella,
884 839 922 916 δι
940 839 989 915 ibi
1007 865 1079 916 non
1101 842 1233 917 amodo
1247 839 1384 917 visurus
1403 837 1520 916 filium
1542 839 1646 915 suum
1662 861 1749 914 con·

118 964 276 1056 „senuit
333 958 503 1059 Cepit&
527 940 664 1033 ibidem
692 957 848 1036 colletlis
879 961 1072 1040 Monachis
1099 960 1210 1037 Callum
1232 959 1451 1051 construere,
1471 957 1523 1037 in
1539 982 1614 1061 qua
1635 957 1749 1037 etium

119 1082 379 1184 „postmodum
399 1102 485 1156 cum
506 1076 583 1156 XII.
609 1076 690 1154 suis·
705 1077 879 1156 humatus
896 1080 1127 1185 requiescit„
1142 1104 1143 1108 ‘

215 1323 307 1399 Fere
338 1319 467 1395 eadem
492 1325 614 1395 narrat
641 1312 830 1394 Annalista
854 1318 955 1396 Saxo
978 1319 1001 1396 l.
1022 1343 1055 1395 c.
1078 1345 1109 1420 p.
1129 1325 1211 1399 ooo.
1257 1319 1450 1414 Farrago
1474 1317 1573 1413 Eius,
1609 1315 1746 1414 inquit,
1827 1330 1833 1335 ’

103 1468 157 1546 ¹en
173 1446 308 1518 mbalila'
328 1440 461 1514 Morum
483 1444 695 1534 inaequalitate
720 1438 850 1536 „lupra
871 1441 1051 1516 rationem
1072 1440 1143 1516 hoc
1162 1439 1322 1537 grauiter
1343 1439 1464 1517 ferens
1485 1436 1619 1516 Attum
1643 1460 1665 1513 a
1686 1434 1749 1513 Fid
1798 1421 1806 1546 Ἰ

123 1563 223 1651 ‚,lio,
245 1561 383 1638 recellit
404 1561 451 1635 de
473 1557 663 1642 Bawaria,
691 1562 728 1637 br
756 1567 789 1634 lu
819 1574 903 1633 tarro
922 1575 1083 1645 mamona,
1120 1568 1153 1635 ia
1168 1577 1270 1658 paruo
1296 1560 1462 1635 Prouacta
1480 1561 1574 1655 juxta
1598 1544 1746 1652 Syluaaa,
1848 1572 1851 1577 ’

128 1705 230 1777 „quaa
253 1681 517 1755 Sauenzuenala
535 1677 686 1766 dicitur,
710 1701 796 1755 cum
817 1679 1030 1756 Proceribus
1050 1679 1126 1759 Xll.
1146 1680 1208 1780 qui
1228 1679 1289 1756 srbi
1309 1701 1396 1779 prae
1417 1678 1549 1756 ceteris
1571 1675 1746 1756 adbaere-

124 1857 145 1890 ‚,
156 1804 261 1889 bant,
284 1799 461 1898 reliquum
483 1805 567 1874 uitae
584 1815 699 1897 tenpus
716 1797 864 1898 peregit.

221 2039 306 2118 Pari
328 2039 468 2116 ratione
490 2040 707 2136 Fragmentum
726 2055 831 2128 natur,
855 2042 951 2141 quod
971 2065 1019 2117 ex
1037 2039 1202 2137 Ludwig.
1220 2047 1310 2116 tom.
1325 2039 1415 2120 Vlll.
1435 2038 1476 2114 L.
1492 2037 1534 2114 ll.
1561 2036 1746 2138 Reliquia-

126 2183 211 2234 rum
236 2159 358 2232 omnis
383 2159 475 2233 Aeni
495 2146 739 2258 Diplomatum
765 2161 931 2237 thesauro
959 2163 1019 2240 suo
1049 2160 1191 2237 suenico
1218 2161 1366 2237 inseruit
1394 2156 1666 2236 consultiffinus
1696 2160 1746 2236 lo.
1849 2258 1855 2263 .

127 2277 354 2353 Rainlraldus
387 2276 571 2374 Wegeliml
605 2280 707 2357 Tom.
725 2280 766 2355 ll.
802 2280 940 2358 Dillert.
963 2283 1008 2360 X.
1038 2282 1098 2361 ubi
1125 2303 1301 2389 pag.134.
1334 2279 1426 2357 haec
1446 2279 1615 2376 leguntur
1625 2305 1642 2354 r·
1668 2284 1751 2377 quoa
1820 2306 1835 2381 j

122 2402 245 2473 undem
258 2402 489 2501 compeuuuast
510 2401 647 2500 Welpom
673 2405 775 2496 (nam
793 2405 831 2482 ba
851 2403 983 2479 Ethico
1003 2402 1144 2485 Welfus
1172 2407 1264 2499 erat)
1290 2402 1384 2478 Patri
1400 2401 1459 2500 suo
1487 2403 1529 2488 θ’
1551 2404 1672 2498 indigua
1689 2401 1747 2497 fe-

120 2544 192 2594 rens
212 2516 360 2616 recffaa
386 2502 540 2596 Bouaria
558 2527 593 2595 in
618 2522 772 2598 Montana
795 2528 904 2600 baleus
924 2527 968 2600 iba·
990 2524 1098 2617 Castra
1125 2524 1169 2612 δ’
1190 2525 1335 2620 Quales
1359 2528 1426 2597 licet
1447 2523 1583 2607 maltro,
1617 2529 1747 2599 urrum-

119 2642 203 2713 aaran
227 2653 329 2712 auena·
346 2657 460 2714 terram
482 2647 566 2715 illam
589 2645 676 2719 suaa
692 2652 815 2742 propria
836 2648 917 2720 aloa
938 2647 1203 2728 Suburanae-wald,
1229 2650 1377 2741 accipiens
1398 2666 1436 2717 aa
1445 2643 1516 2740 suis
1538 2641 1618 2719 XII.
1671 2642 1745 2718 Ma·
1843 2638 1846 2643 ’

121 2767 204 2845 lites,
227 2762 271 2845 ἐξ
297 2761 443 2855 Vasallas,
468 2770 520 2857 qu
538 2780 596 2860 pre
616 2768 685 2838 allis
694 2765 815 2861 semper
831 2778 920 2839 erana
940 2770 974 2838 lu
997 2766 1091 2839 unu
1105 2765 1182 2858 sua,
1213 2761 1541 2859 conalufitque'uiam,
1576 2777 1746 2858 perquam

121 2887 293 2956 intrauerat
316 2904 439 2957 manans
462 2885 505 2956 lbi
526 2886 663 2958 mnibus
689 2885 809 2959 Durus
834 2889 897 2956 uite
908 2883 977 2980 sae.
1039 2885 1265 2979 Ammerg'ov
1286 2883 1383 2960 inter
1405 2880 1507 2977 Pagos
1526 2881 1747 2960 Germaniae

122 2999 237 3074 medii
254 2998 350 3076 lleui
371 3001 533 3078 recenset
556 3001 763 3078 Chronicon
781 3000 1026 3082 Gottuicenfe
1045 3002 1086 3078 P.
1103 3004 1144 3080 H.
1164 3026 1244 3101 pag.
1264 3028 1345 3102 542.
1391 3000 1474 3096 Pagi
1493 3021 1579 3081 uero
1594 3001 1746 3082 nomine

124 3145 170 3196 ea
189 3131 308 3196 aetate
332 3119 626 3217 intelligebantur
644 3123 732 3199 certi
756 3122 959 3209 Distritlus,
986 3146 1078 3224 quos
1106 3123 1213 3214 Gaas,
1238 3126 1326 3210 Gau,
1351 3123 1412 3199 seu
1436 3121 1512 3217 Gay
1541 3120 1746 3203 etiamnum
1860 3222 1867 3235 ⁹

126 3239 368 3336 adpellamus,
395 3266 425 3317 e.
446 3264 482 3338 g.
514 3242 664 3337 longao,
692 3244 864 3340 Donagau,
889 3247 1025 3339 Brtsgou
1044 3255 1113 3320 etc.
1163 3244 1237 3321 Sed
1263 3243 1378 3342 Ipsum
1401 3242 1580 3319 Abbatem
1597 3242 1755 3323 clanim

127 3382 229 3437 mum
255 3363 447 3439 audiamus
457 3384 477 3436 ε·
495 3364 679 3458 Amugoao,
708 3364 866 3460 Amugou
885 3364 936 3442 est
958 3365 1064 3460 Pagus
1082 3364 1277 3451 „Ducatus
1298 3361 1488 3460 Bajoariae
1508 3364 1555 3439 ad
1575 3363 1747 3446 Flauium

125 3483 326 3579 „Armatam
349 3482 407 3561 vel
431 3483 612 3558 Ammuraru
635 3506 744 3581 prope
771 3479 908 3561 Fontes
936 3485 1112 3579 Ejusdem
1146 3486 1194 3561 ad
1216 3482 1374 3560 confinia
1395 3481 1604 3579 Tyrolenlia
1634 3508 1747 3584 usque

125 3605 203 3691 „ad
223 3603 341 3679 lacum
366 3604 599 3679 nominatum
616 3607 669 3679 aler
683 3604 777 3706 slafel
793 3607 865 3690 Sea.
896 3604 935 3681 δι
955 3603 1182 3681 Coenobium
1204 3607 1412 3693 Raitaabual,
1442 3603 1570 3680 habuit
1594 3605 1658 3683 ille
1681 3608 1750 3683 Pa·

124 3747 216 3818 „gas
235 3722 397 3822 proprios
420 3723 586 3799 Comites
611 3726 658 3801 de
689 3723 887 3819 Amergow
911 3721 984 3800 sne
1012 3724 1219 3819 Ambergov
1242 3725 1376 3814 diuos,
1406 3724 1583 3825 aquibus
1610 3728 1748 3805 Welfo·

123 3868 239 3933 „rum
261 3843 426 3939 Prolapia
447 3844 624 3940 originem
646 3845 774 3933 traxit,
795 3843 901 3920 fitum
924 3842 1031 3919 estin
1056 3866 1101 3917 eo
1121 3842 1217 3922 Villa
1249 3847 1287 3924 ba
1316 3843 1574 3922 Monasterium
1604 3846 1751 3937 Ambia-

123 3986 260 4060 „gow,
282 3966 379 4062 quod
403 3966 448 4040 ab
463 3965 643 4043 Ethicone
671 3967 882 4050 fundatum,
924 3966 962 4042 br
986 3963 1031 4039 ab
1060 3963 1239 4059 Ejusdem
1254 3962 1345 4040 Filio
1371 3962 1547 4041 Heinrico
1572 3965 1620 4061 [in
1640 3965 1750 4044 'Alto-

122 4083 320 4172 ..munster
338 4088 381 4160 acl
394 4085 541 4162 Flauium
560 4086 672 4163 llmum
691 4091 871 4163 translatum
882 4082 975 4177 fuit,
1000 4081 1094 4160 haec
1114 4081 1187 4159 llle.
1747 4078 1750 4082 ’
1813 4079 1819 4089 “

228 4349 262 4400 2.
288 4323 436 4401 Diutius
455 4325 645 4422 ambiguus
666 4325 878 4413 haerebam,
914 4306 986 4403 vbi
1000 4324 1162 4400 locorum
1186 4320 1300 4418 Sylna
1322 4290 1485 4397 Sounoua
1515 4320 1610 4400 dista
1639 4323 1752 4423 pollet

123 4445 352 4543 inuestigari,
377 4449 610 4522 commodum
631 4446 722 4522 mihi
746 4446 944 4531 acciderat,
978 4445 1049 4522 lter
1069 4443 1275 4541 Oeniponto
1301 4440 1341 4517 in
1368 4439 1529 4516 Patriam
1558 4445 1754 4540 per,Etta·

122 4570 203 4650 lam
235 4591 297 4646 me
328 4565 521 4665 aliquando
557 4565 694 4656 fecisse,
733 4567 958 4661 occurrebat
999 4589 1086 4664 ergo
1123 4563 1247 4643 urimo
1289 4563 1391 4642 locus
1416 4558 1618 4642 aunuuua
1652 4563 1755 4660 syloa

987 4685 1021 4767 B
1047 4709 1070 4767 2
1614 4684 1758 4775 media,
