3736 5160
687 248 1105 377 *mo*
1634 271 1709 350 ιιι

88 423 154 501 ιω
177 406 420 499 DDjArtann
448 419 549 500 Perta
573 421 811 525 Suffraganeo,
845 424 886 503 δ’
919 426 1061 502 Vicarr‘o
1090 424 1249 503 Generosi
1254 482 1264 515 ,
1297 434 1407 525 atque
1426 424 1472 519 ‚P.
1507 427 1708 505 Columlauo

92 538 236 643 Tsclrudr‘
259 540 487 617 Vioedecano
510 542 731 620 Murbacensr
758 543 1042 643 Grngmbaclrr'am
1068 544 1218 628 dimifit,
1249 546 1312 643 qui
1334 569 1407 622 eos·
1420 534 1554 622 Abbati
1576 547 1614 624 δι
1637 548 1708 624 Ca-

84 660 201 758 pitulo
219 671 500 757 praeponerent,
526 674 636 759 atque
652 660 689 737 in
714 662 773 736 sua
797 663 915 739 officia
937 662 1099 760 Episcopi
1123 662 1274 739 nomine
1296 663 1573 747 Constituerent
1634 667 1708 744 Ne·

87 779 226 873 gotium
248 777 533 854 Reformationis
554 778 709 876 primum
731 781 822 857 haut
843 805 891 856 ex
911 793 997 857 voto
1019 782 1222 866 succeffisle,
1255 784 1408 878 probant
1437 784 1597 860 Litterae
1622 782 1729 860 situi

84 896 179 994 posili
204 896 252 972 ad
273 896 398 971 Patres
419 896 556 971 noslroa
574 896 718 974 decimo
741 900 858 976 statim
879 899 976 998 Jnuii
997 900 1058 975 die
1087 901 1254 995 ejusdem
1285 903 1385 977 Anni
1423 903 1710 990 ruminum
1763 988 1769 997 ¹

87 1012 303 1090 sententiam
320 1016 453 1089 dataee
495 1013 680 1115 Leoposdur
713 1019 781 1093 Dei
810 1021 925 1117 gratia
954 1017 1135 1093 Arrhidaeo
1162 1018 1343 1121 Aristaee,
1368 1019 1553 1120 Episcopus
1571 1021 1709 1120 Argeu-

85 1136 219 1234 tr'uenfir
249 1131 292 1208 fs
318 1130 558 1233 Poffiaur'tnfir:
599 1134 822 1235 Adminissrus
822 1164 860 1211 or
885 1137 1157 1237 Mouaflert'oram
1181 1134 1407 1238 Marbacenstr
1442 1136 1483 1215 ss
1511 1138 1707 1239 Iatdreustr,

85 1251 174 1328 Dux
189 1249 408 1349 Burgundinr
432 1264 491 1328 etc.
527 1253 641 1329 Comes
667 1252 800 1351 Tyrolr‘s
821 1268 880 1330 etc.
915 1254 1129 1352 Alsatr'arqru
1156 1255 1396 1356 Loudgruuiar
1421 1268 1481 1334 etc.
1523 1254 1712 1393 Religiolla

79 1369 337 1449 Fratribus!
293 1366 431 1445 Placido
460 1373 498 1448 dr
527 1371 654 1450 Mauro
675 1372 838 1449 Salutem
861 1374 898 1449 dt
919 1374 1074 1467 gratiam
1094 1374 1260 1453 nostram.
1727 1420 1731 1427 ·

177 1606 358 1685 Dolenter
378 1607 461 1683 sane
491 1608 740 1687 intelleximus
761 1630 829 1686 uos
848 1608 1025 1685 obstacula
1052 1612 1233 1709 quaedam
1263 1608 1434 1689 inuenise
1459 1610 1500 1687 in
1529 1609 1708 1716 Mooaste·

68 1731 127 1806 rio
171 1723 413 1827 (lengenbach,
446 1729 578 1825 quibus
603 1729 760 1808 santium
792 1714 1075 1803 Resormationis
1099 1750 1209 1826 opua,
1243 1732 1291 1807 ad
1316 1733 1458 1829 quoda
1482 1730 1588 1806 nobis
1609 1728 1708 1807 Gen·

68 1846 326 1945 genbachium
350 1846 504 1938 ablegati
529 1847 631 1933 estis,
655 1846 902 1948 praepeditur.
959 1850 1094 1926 Verum
1117 1870 1203 1924 curn
1227 1870 1273 1924 ea
1294 1848 1379 1935 tint,
1411 1872 1505 1949 quae
1528 1851 1709 1945 speramus
1754 1878 1757 1882 *

74 1966 249 2047 amoueri
279 1964 391 2063 polle,
415 1963 486 2040 hoa
512 1965 649 2043 nostros
674 1967 780 2046 nobie
810 1966 938 2042 fideles
968 1964 1196 2043 Consuliarios
1228 1965 1528 2064 Suisragaoeum',
1562 1971 1601 2048 dt
1623 1967 1729 2051 Sar·.

80 2086 247 2163 cundram
267 2084 314 2161 ad
341 2108 407 2163 voa
433 2084 709 2175 destinauimus‚
733 2087 906 2222 aquibus
932 2098 1094 2162 mentem
1114 2085 1153 2163 dr
1177 2084 1393 2162 sententiam
1415 2086 1572 2164 nostram
1597 2088 1710 2187 pluri·

85 2207 160 2282 bue
184 2202 402 2303 intelligetis.
451 2206 586 2299 Magno
605 2205 716 2301 igitur
735 2204 804 2281 fint
824 2205 966 2291 animo,
990 2206 1029 2283 dt
1053 2203 1093 2279 ln
1115 2178 1274 2281 Domino
1295 2203 1416 2315 confisa
1436 2205 1602 2282 sustinete
1622 2226 1710 2302 pau·

88 2322 223 2407 lulum.
265 2322 427 2423 sentietis
460 2325 703 2401 mutationem
736 2327 908 2403 dexterae
942 2320 1109 2399 Exoelsr·
1129 2321 1191 2398 ille
1226 2322 1338 2402 enim
1362 2324 1427 2423 qui
1467 2323 1572 2401 dedit
1605 2325 1709 2403 vobit

88 2440 206 2531 velle,
244 2418 347 2521 dabit
378 2430 483 2522 vobio
508 2444 701 2541 perficere,
745 2455 786 2527 vt
827 2444 1022 2545 aliqnando
1036 2464 1138 2529 rcum
1169 2442 1303 2541 gaudio
1334 2440 1514 2543 speratum
1553 2443 1710 2524 anuum

86 2562 294 2641 smtiamua.
559 2597 561 2602 ·

115 2862 119 2871 .
180 2798 225 2879 si
245 2798 393 2899 posthae
414 2798 659 2900 aliquavobis
685 2800 824 2879 oriatur
839 2799 1054 2892 diffionltaa,
1076 2801 1116 2879 in
1141 2800 1300 2883 absentia
1323 2799 1441 2877 nostra
1461 2797 1633 2877 recurrite
1659 2799 1709 2877 ad

88 2919 155 2997 hoa
182 2921 322 2997 nostros
351 2918 578 2997 Consiliarios
605 2918 886 3009 Ecclesiasticoa,
916 2922 1013 3018 apud
1042 2919 1125 2995 illos
1154 2920 1340 2997 c'onsrlium
1368 2919 1408 2996 dt
1433 2919 1626 3005 auxilium,
1664 2927 1710 2997 vt

88 3038 324 3125 confidimus,
349 3039 556 3115 inuenietis.
606 3038 754 3116 Interim
779 3063 847 3115 nos
869 3041 1007 3136 semper
1025 3039 1128 3118 vobis
1148 3040 1195 3115 ad
1215 3039 1367 3135 gratiam
1384 3037 1577 3116 inclinatos
1596 3038 1708 3118 hane·

91 3158 189 3235 uitia
238 3156 375 3235 Datum
402 3158 565 3259 Fribargi
591 3158 768 3259 Brisgor'ae
793 3158 968 3259 sajonis
990 3165 1094 3252 1619.
1143 3156 1328 3259 leopoldus
1350 3158 1500 3256 mppria.

185 3392 334 3473 leuiori
348 3397 434 3497 pou
456 3396 548 3473 haec
569 3388 742 3480 Brachio,
768 3394 973 3473 &feliciori
996 3392 1109 3473 etiarn
1132 3393 1285 3471 successo
1313 3391 1353 3469 in
1382 3390 1452 3469 hac
1482 3392 1588 3471 viena
1607 3390 1708 3471 labo·

89 3522 210 3593 ratum
229 3514 322 3604 else,
354 3514 455 3593 tellis
475 3515 525 3594 est
550 3517 701 3613 sequena
721 3517 807 3590 data
828 3517 875 3590 ad
902 3513 1108 3603 Placidum,
1142 3513 1181 3591 δι
1199 3514 1369 3590 Maurum
1400 3510 1566 3610 Epistola
1630 3513 1709 3588 Pax

90 3632 233 3711 Christi.
291 3634 523 3714 venerabiles
550 3638 589 3714 &
616 3632 781 3730 Religiosr
810 3632 848 3708 in
879 3632 1021 3711 Christo
1049 3634 1192 3727 Patres,
1227 3630 1266 3709 dr
1297 3628 1441 3708 Fratres
1476 3618 1707 3710 dueuiffinit

91 3776 176 3831 cum
199 3754 334 3851 ειιιιιιο
357 3752 565 3831 audiuimus
584 3755 622 3829 in
643 3774 750 3853 opere
775 3752 1056 3829 Reformationia
1066 3749 1318 3850 progressum
1347 3750 1448 3826 Dens
1472 3749 1563 3826 adsit
1588 3751 1710 3827 Cona-

91 3872 192 3949 tibus
223 3872 361 3951 restria:
385 3873 516 3973 quibua
542 3874 634 3951 haut
655 3875 765 3951 dubie
790 3868 997 3956 benedioet,
1034 3872 1073 3949 dt
1097 3870 1159 3946 sua
1181 3867 1307 3946 diuina
1336 3869 1451 3964 gratia
1478 3868 1616 3966 semper
1642 3868 1729 3955 ars·¹

90 3990 178 4077 erit,
205 3996 242 4071 δι
257 3992 367 4068 faciet
391 4016 477 4069 cum
496 3983 697 4071 tentatione
723 4002 951 4090 prouentum.
1000 3991 1043 4067 si
1062 3988 1160 4064 enirn
1176 3987 1336 4085 inopere
1357 4009 1444 4061 mox
1460 4010 1507 4063 ex
1532 3997 1618 4065 voto
1631 4008 1708 4063 non

84 4112 277 4199 succedat,
299 4134 373 4186 non
392 4113 637 4212 despondeant
655 4113 787 4189 animo.
815 4112 938 4190 Virtus
956 4110 994 4187 in
1014 4107 1224 4187 infirmitate
1246 4102 1437 4203 perficitur.
1461 4104 1518 4181 De
1531 4106 1708 4183 Breuiarr'o

91 4236 275 4331 reformato
299 4232 504 4311 inuonutto
528 4236 737 4329 gaudemus.
788 4232 827 4307 lo
843 4229 954 4306 dubio
973 4232 1019 4306 de
1041 4254 1145 4330 paruo
1159 4227 1261 4327 officio
1276 4224 1322 4303 B.
1343 4225 1389 4313 a,
1405 4226 1541 4303 Mariae
1555 4248 1603 4299 ue
1619 4223 1709 4301 hae·

87 4363 215 4441 reant,
240 4350 378 4427 habent
403 4351 537 4427 Bassam
560 4352 618 4427 Pii
643 4356 749 4450 palati
777 4350 965 4427 Breuiario
996 4348 1163 4425 Romano
1190 4341 1404 4443 praelixam,
1436 4346 1572 4423 habent
1592 4344 1715 4422 etiam·

88 4472 252 4548 rubricae
272 4482 357 4545 aute
379 4472 478 4547 idem
506 4472 665 4549 officium
689 4471 757 4568 pos
748 4485 835 4557 tas
866 4470 986 4545 secure
1014 4468 1205 4564 sequuntur
1230 4464 1308 4549 illa,
1340 4464 1379 4541 dt
1407 4464 1550 4540 abunde
1571 4462 1709 4538 satiasa·

89 4587 200 4669 cient
251 4587 336 4668 Vt
323 4614 362 4669 in
387 4590 521 4745 llsrffirli
542 4592 610 4672 u
598 4613 639 4670 m
660 4589 740 4670 aliia
761 4588 890 4672 ritibus
910 4584 1117 4686 expeditius
1136 4582 1302 4683 progredi
1323 4580 1475 4683 possitis,
1496 4581 1709 4683 propediem

950 4707 1024 4793 xa
1604 4699 1709 4788 vobit
